2632 5086
65 29 939 399 Q
958 29 1075 94 ϋιέἳ
1092 29 1115 45 F
1140 30 1203 86 ἴστ’,
1248 30 1299 77 ἐκ.

788 130 793 147 Ι
929 126 933 133 .

778 164 796 187 'l

205 840 261 917 Ad
274 861 404 914 omnes
415 836 453 911 in
467 833 666 912 Germanis
677 831 866 933 Principes
879 840 951 909 etc.
967 820 1076 933 epln.
1101 828 1175 917 tte

151 1033 293 1096 vindices
315 1032 355 1094 all
375 1030 456 1094 hanc
476 1028 680 1092 calamitatem
707 1027 820 1093 ocutos
844 1024 965 1109 dirige!
991 1027 1037 1119 At
1053 1036 1174 1104 νοω)

151 1133 318 1208 Germani,
348 1121 512 1194 defendite
530 1130 749 1202 innocentem
781 1125 922 1192 universi
953 1129 1081 1213 quidem
1113 1150 1176 1211 pro

149 1255 235 1310 uno,
267 1233 323 1295 sed
354 1227 515 1294 communi
539 1240 644 1292 tomen
670 1227 811 1291 omnium
835 1246 946 1304 causa,
975 1230 1177 1297 dimicantes!

151 1335 203 1402 An
234 1333 369 1397 obscure
396 1328 576 1413 providetis
595 1326 681 1410 jam,
714 1328 831 1411 quilius
849 1348 893 1392 ex
912 1349 986 1395 meo
1006 1328 1176 1415 supplicio,

150 1436 244 1516 quale
274 1431 492 1515 prejudicium
520 1431 560 1492 sit
583 1429 758 1492 futurum?
794 1430 903 1515 Atque
927 1432 1025 1515 igitur
1044 1453 1087 1494 ne
1105 1435 1177 1497 lon.

149 1538 219 1618 glus
248 1516 379 1615 serpere
410 1531 591 1612 exemplum
620 1532 810 1612 praecavetel
834 1532 914 1597 Men
942 1533 1095 1597 calamitas
1120 1534 1178 1598 ve'·
1232 1594 1242 1623 ,

149 1647 249 1698 strum
278 1633 456 1714 periculum
484 1645 549 1694 est:
585 1650 690 1693 meum
713 1629 845 1695 exitium
871 1641 977 1693 vestra
1002 1633 1177 1713 captivitas.

147 1734 280 1817 Aperite
299 1733 431 1805 oculos,
453 1729 623 1805 Germani,
643 1743 676 1792 et
694 1730 897 1813 cognoscite,
917 1729 974 1793 ubi
993 1732 1177 1811 versemini,

147 1844 179 1896 et
198 1854 264 1917 qno
284 1829 414 1893 deducti
433 1828 517 1894 sitis!
538 1831 612 1893 Non
630 1849 778 1906 accusor,
810 1830 900 1914 quod
926 1833 1006 1898 mele
1026 1835 1176 1916 vixerim,

147 1935 223 2008 sed,
256 1929 346 2014 quod
368 1930 452 1993 bene
480 1928 649 2002 senserim3
681 1926 724 1990 ob
750 1928 785 1993 itl
809 1950 891 1993 vero
916 1933 1050 2012 plector.
1097 1926 1175 2003 Noli

147 2032 229 2094 citor
243 2051 336 2106 reus,
357 2031 446 2115 quod
467 2031 605 2115 aliquem
623 2027 771 2091 laeserim:
797 2030 856 2094 sed
876 2030 967 2115 quod
983 2034 1075 2099 lesos
1093 2026 1177 2100 nul«

148 2145 199 2195 tos
220 2131 380 2194 vindicare
397 2131 571 2204 voluerim,
609 2127 765 2209 supplicio
793 2128 963 2211 deposcor·
1014 2135 1117 2198 Nemo
1140 2130 1176 2203 tl

145 2234 290 2296 Hutt'eno
309 2234 430 2315 culpet,
463 2232 553 2313 quod
571 2228 665 2292 elicui
683 2228 749 2289 vim
766 2226 895 2305 lecerit,
919 2231 979 2295 sed
999 2234 1089 2316 quod
1108 2234 1175 2302 vim

144 2331 270 2395 veritati
289 2331 414 2407 lactem,
436 2328 556 2411 optime
572 2329 637 2391 fule
654 2330 842 2409 propulsare
858 2343 992 2396 conotus
1002 2332 1053 2396 sit.
1079 2336 1173 2419 Ergo

143 2453 210 2495 non
228 2430 349 2495 crimen
367 2451 474 2495 mcum
493 2438 558 2506 est,
590 2428 680 2512 quod
704 2450 827 2492 novum
845 2429 975 2514 aliquod
994 2432 1045 2495 hic
1063 2433 1174 2499 incen-

143 2533 231 2595 dium
250 2529 472 2607 excitaverim,
503 2530 562 2594 sed
591 2528 675 2588 bene
694 2526 858 2603 meritum,
886 2530 978 2612 quod
996 2542 1089 2595 vetus
1109 2534 1175 2599 hoe

143 2632 295 2694 Romanu
323 2628 477 2701 avaritie,
505 2644 593 2687 nunc
616 2622 762 2702 demum,
792 2627 922 2710 quando
951 2629 986 2691 itt
1013 2631 1175 2712 publicam
1256 2670 1258 2675 ·

144 2729 320 2812 perniciem
335 2723 520 2808 longissime
540 2722 752 2809 latissimeque
769 2727 950 2812 divagatur,
970 2730 1173 2814 restinguere

144 2831 203 2892 sim
228 2830 408 2911 adgressus.
460 2827 554 2888 Nullo
572 2823 739 2904 turpitudo
765 2827 933 2907 objicitur,
972 2832 1031 2896 sed
1051 2836 1174 2901 summe

144 2931 292 2994 honestas
311 2929 494 3008 imputetur.
541 2926 645 2987 Nemo
662 2923 740 3007 milri
758 2926 863 2992 bonus
882 2928 1024 2994 invidet:
1051 2938 1173 2998 turtum

144 3029 283 3093 oderunt
308 3020 390 3091 moli.
427 3024 577 3089 Vestram
594 3022 709 3103 iidem,
739 3026 906 3106 Germani,
932 3041 1071 3098 vestrum
1089 3031 1171 3097 inte-

143 3131 303 3212 gritotern!
333 3126 507 3190 Prohibete
533 3124 652 3208 injurie
678 3128 809 3192 vincere
828 3148 904 3204 cos,
933 3128 991 3211 qui
1008 3125 1081 3210 jure
1102 3150 1173 3193 cer·

141 3241 208 3292 ture
229 3230 422 3291 noluerunt!
452 3247 513 3289 nec
531 3227 572 3290 sb
590 3226 649 3289 illis
672 3226 771 3304 ferte,
802 3227 892 3312 quod
912 3227 1092 3309 opprimor!
1113 3228 1173 3314 qui

141 3351 183 3392 ne
202 3350 262 3391 vos
283 3328 515 3411 opprimerent,
535 3326 604 3406 ipse
623 3347 674 3389 me
693 3326 890 3409 interposui,
909 3346 1011 3393 meam
1023 3328 1174 3395 viuntn'

142 3429 312 3491 discrimen
342 3425 478 3509 conjeci.
530 3427 595 3490 Sed
623 3424 703 3510 qnid
732 3429 799 3491 hee
832 3446 895 3512 ego
928 3428 1170 3494 commemoro?

141 3528 224 3590 Dete
244 3530 305 3591 hoo
323 3528 416 3605 mihi,
449 3528 540 3612 quod
558 3536 709 3610 negatum
727 3527 830 3592 adhoc
847 3527 967 3592 nemini
987 3539 1052 3605 est3
1071 3539 1123 3606 ut,
1142 3528 1172 3597 ei

142 3627 214 3709 quis
234 3641 377 3704 accuset,
406 3629 515 3692 dicere
542 3647 668 3691 causam
693 3626 769 3690 mihi
799 3648 901 3692 meum
924 3628 1027 3693 licent.
1064 3629 1171 3695 Vetus

141 3728 204 3790 ltoc
225 3736 289 3803 est,
319 3736 352 3788 et
376 3724 486 3791 infime
509 3726 639 3792 insitum
665 3726 900 3794 Gemunorum
925 3728 1174 3795 consuetudini:¹

140 3826 357 3890 indemnatum
386 3825 503 3890 irnlicto
526 3847 620 3892 causa
641 3828 791 3893 occidere
809 3826 984 3907 neminem,
1014 3820 1108 3895 etiem
1125 3850 1170 3896 ex

140 3926 272 3994 nunus:
304 3948 410 4011 neque
429 3926 519 3991 aliter
536 3928 661 4008 pmrire.
708 3927 865 3993 Omnibus
884 3925 1039 4009 judicium
1058 3930 1170 4006 dature

139 4029 181 4092 de
202 4027 349 4092 omnibus
367 4026 522 4091 sententio
540 4027 654 4092 lertur.
691 4029 741 4093 Ne
759 4031 822 4093 troc
833 4028 910 4096 milri
925 4046 1057 4110 negate,
1077 4028 1174 4113 quon·

139 4141 306 4213 postrenus
326 4128 520 4193 conditionis
539 4129 721 4195 horninibus
744 4131 860 4209 usur,
885 4132 976 4217 quod
994 4130 1167 4214 despectis·

140 4231 236 4295 simus
255 4230 393 4314 quisque
413 4229 544 4294 obtinet.
582 4230 681 4299 Certe
697 4232 865 4314 prolecto,
885 4230 1060 4297 sidiccncls
1072 4251 1167 4298 cause

142 4328 201 4404 sit,
219 4332 346 4397 vicero:
372 4331 400 4396 si
419 4332 452 4396 vi
471 4332 680 4397 ec'violentiu
699 4333 942 4410 decertandum,
962 4331 996 4394 in
1016 4331 1110 4396 vobis
1130 4343 1168 4399 ut

141 4428 310 4510 plurimum
340 4431 434 4496 situm
462 4443 531 4508 est,
563 4434 665 4517 qualis
690 4434 817 4500 iuturus
844 4434 915 4501 sin.
952 4435 1032 4497 Nam
1061 4432 1088 4498 si
1106 4454 1166 4499 vos
