2632 5086
206 788 276 857 260
493 784 555 863 Dc
580 782 733 880 Guajaci
756 781 938 857 medicina

617 1115 729 1183 Carus
769 1120 811 1182 ll.

413 1286 482 1356 De
509 1282 664 1356 causis
698 1285 856 1359 morbi
883 1286 1025 1385 hujus

250 1497 253 1503 '
280 1487 464 1551 Latentinm
483 1486 553 1570 ejus
574 1507 738 1552 cansarum
761 1491 902 1552 nondum
916 1491 1044 1553 delinita
1064 1510 1083 1548 a
1098 1490 1228 1554 medicis

201 1588 334 1672 qiraestio
362 1600 430 1664 est,
459 1600 491 1651 at
515 1589 630 1653 misere
656 1590 712 1652 ‹tiu
737 1589 801 1671 jam
817 1590 948 1673 agitata,
977 1601 1009 1653 et
1028 1612 1147 1653 summa
1166 1592 1229 1652 dis-

202 1688 311 1751 cordia
343 1701 539 1751 conversata.
596 1689 634 1751 ln
667 1693 729 1754 hoc
760 1710 942 1754 convenere
972 1712 1098 1766 omnes,
1139 1693 1229 1774 quoal

202 1787 377 1873 intelligere
397 1790 577 1872 promptum
598 1801 663 1866 est,
692 1792 831 1879 quodam
853 1790 1022 1875 insalubris
1046 1790 1142 1866 a'c'ris,
1171 1792 1226 1873 qni

97 1941 100 1944 ⁴
201 1908 243 1949 eo
269 1900 413 1970 ternpore
446 1890 561 1965 suerit,
597 1892 730 1966 adflatu,
769 1903 938 1972 corruptos
969 1894 1076 1966 lacus,
1111 1893 1227 1966 fomes,

200 1988 333 2065 fluvios,
363 2011 399 2050 ac
428 1991 495 2070 ipsa
522 1991 615 2052 etiam
640 1991 754 2065 maria,
791 1990 866 2052 inde'
894 2003 1007 2054 terram
1035 1991 1229 2054 contraxisse

201 2110 378 2167 venenum,
400 2091 517 2154 inlecta
537 2112 671 2173 pasena,
698 2100 888 2153 venenatum
907 2093 1076 2155 demissum
1098 2092 1137 2153 ab
1156 2097 1229 2155 nere

200 2212 368 2274 vaporem,
397 2192 471 2254 inde
491 2191 631 2255 hausisse
651 2191 794 2273 spiritum
815 2191 966 2252 animalia.
1005 2193 1163 2271 Repertus
1183 2204 1230 2255 est

199 2286 287 2356 &nim
310 2291 342 2355 in
370 2293 558 2377 quibusdam
585 2290 653 2355 aliis
677 2291 770 2354 etiam
791 2292 999 2354 animantibus
1018 2292 1068 2353 hie
1086 2297 1227 2361 morbus.

201 2396 276 2458 Huc
304 2393 456 2477 astrologi
495 2416 536 2456 ex
563 2394 702 2456 siderum
737 2403 826 2455 motu
866 2388 1040 2454 ratiocinati
1080 2391 1112 2452 in
1150 2413 1228 2453 con-

201 2493 415 2574 junctionem,
438 2490 515 2577 ¹quse
542 2493 603 2556 luit
624 2495 718 2575 paulo
741 2504 813 2581 utile
835 2491 960 2554 Saturni
980 2502 1011 2553 et
1032 2490 1161 2567 lllartis,
1192 2514 1229 2554 ae

201 2594 291 2658 binas
317 2597 392 2659 solis
423 2594 553 2675 eclipses
580 2615 703 2656 cansam
724 2592 795 2672 ejus
822 2590 1018 2671 rejecerunt,
1046 2592 1228 2672 oportuisse

203 2694 381 2781 dictitantes
401 2693 568 2777 presagire
586 2695 669 2769 haec,
697 2693 826 2756 morbos
845 2690 1014 2772 pituitosos
1035 2702 1066 2753 et
1086 2692 1228 2769 biliosos‚

200 2796 335 2877 longos,
362 2804 506 2869 tenaces,
527 2792 639 2856 lentos.
679 2797 795 2874 erales
817 2804 889 2855 sunt
908 2793 1098 2874 elephantia,
1130 2796 1229 2876 lepra,

202 2894 353 2977 impetigo
375 2907 406 2957 et
432 2894 577 2979 quislibet
597 2894 730 2974 pessima
750 2893 888 2968 scabies,
920 2914 956 2954 ac
975 2897 1123 2978 pustulas,
1152 2906 1184 2955 et
1203 2896 1230 2958 si

202 3016 264 3080 qna
283 3007 357 3058 sunt
381 3016 498 3077 eorpus
528 2996 758 3071 deformantes,
789 3005 820 3054 et
846 2995 988 3078 podagra
1014 3016 1050 3057 ac
1070 2994 1229 3085 phbagra,

200 3093 368 3182 paralysis,
400 3098 501 3161 ischia
528 3107 559 3158 et
586 3095 790 3159 articulorum
817 3095 962 3170 dolores,
994 3116 1031 3158 ae
1050 3095 1159 3157 similia
1182 3096 1231 3157 in·

201 3199 376 3261 commoda.
445 3198 551 3279 Magis
587 3208 690 3260 autem
720 3195 929 3277 septentrioni
960 3195 993 3257 id
1031 3193 1228 3268 destinamur,

201 3309 330 3380 propter
357 3297 476 3378 aquarii
501 3297 652 3378 signum,
686 3308 753 3378 quo
791 3296 880 3377 prior
918 3296 1040 3375 eclipsis
1073 3293 1228 3368 inciderit,

201 3408 233 3459 et
264 3396 421 3460 occidenti
449 3408 581 3478 propter
609 3396 730 3478 pisces,
767 3398 856 3479 quod
888 3397 1048 3477 posterior
1082 3394 1229 3476 attigerit,

201 3496 411 3578 albebantque
431 3496 545 3559 medici
573 3498 791 3581 egritudinem
817 3518 886 3559 esse
914 3519 931 3557 a
951 3498 1032 3558 mato
1054 3496 1138 3558 intus
1158 3517 1230 3557 sue-

200 3620 240 3661 co
267 3609 298 3659 et
327 3594 447 3661 vitiosis
475 3599 684 3673 humoribus,
716 3596 967 3672 melancholicis,
1005 3597 1141 3671 adustis,
1177 3608 1230 3658 aul

178 3700 281 3762 llava
298 3697 379 3772 bile,
409 3700 460 3759 vel
479 3699 607 3779 pituita,
643 3698 712 3759 sive
733 3699 833 3771 salsa,
865 3696 933 3758 sive
954 3697 1079 3772 adusta,
1112 3696 1229 3776 etipsa

200 3809 254 3861 aut
283 3799 404 3881 aliquot
428 3799 542 3861 horum
571 3799 627 3861 vel
652 3796 799 3875 omnibus
827 3796 920 3859 eliam
942 3797 1033 3860 simul
1054 3797 1228 3879 permixtis,

201 3920 340 3982 qrrorum
372 3918 465 3959 acore
502 3909 593 3960 extra
631 3899 671 3959 ml
705 3897 851 3975 corporis
883 3898 1084 3977 superficiem
1122 3909 1229 3972 eunte,

200 4000 292 4062 aduri
312 4010 414 4061 cutem
436 4009 468 4059 et
486 3995 680 4071 exulcerari,
710 4010 763 4059 aut
784 4020 863 4061 vero
889 4000 1053 4072 acrmlis,
1085 4000 1177 4060 lcnlis
1198 4009 1231 4058 et

200 4097 313 4161 crassis
325 4097 358 4160 in
370 4098 618 4178 artuspropelli,
640 4097 751 4180 eisque
771 4099 916 4160 dolorem
934 4097 1105 4171 concitari,
1125 4108 1229 4157 tumo-

200 4218 251 4259 res
282 4218 440 4281 surgere,
476 4197 588 4259 tubera
617 4196 759 4273 innasci,
789 4197 894 4259 nodos
922 4196 1026 4277 colligi
1052 4208 1083 4256 et
1110 4195 1228 4256 sinuati

201 4307 319 4372 entem,
343 4318 438 4379 snpra
451 4298 544 4358 etiam
563 4306 657 4377 eaput
676 4297 829 4361 infestari.
867 4296 1047 4359 Universim
1064 4293 1226 4375 pristinam

201 4397 345 4477 corporis
379 4396 638 4461 constitutionem
667 4397 799 4459 alterari.
852 4395 986 4476 Quidam
1015 4395 1155 4485 breviter
1186 4418 1228 4456 rr
