2632 5086
203 798 277 873 264
474 794 552 869 ‘Dc
575 792 730 893 Guajaci
753 792 937 868 medicina

204 988 304 1073 quari
322 988 435 1064 video,
461 1006 529 1071 quo
544 997 655 1048 curato
673 985 774 1047 statim
794 1006 876 1068 opus
892 987 954 1049 hoc
967 987 1122 1070 auspicari
1143 987 1226 1065 licet,

203 1090 288 1155 ltunc
307 1089 341 1152 in
360 1088 501 1151 modum.
539 1087 633 1150 Prius
652 1086 729 1148 illud
747 1096 780 1149 et
798 1087 952 1151 valentius
972 1090 1157 1164 decoctum,
1178 1089 1226 1153 bis

203 1191 257 1253 dic
275 1188 479 1271 propinatur,
504 1188 660 1269 tepidum,
688 1188 800 1266 cyatho
820 1209 905 1265 uno,
932 1210 1024 1252 manc
1041 1190 1169 1275 quidem
1187 1192 1228 1254 ut

204 1290 347 1375 quintam
361 1290 414 1352 vel
426 1289 517 1368 juxta
533 1289 660 1363 horam,
679 1298 778 1352 noctu
796 1301 918 1352 octava.
956 1289 1064 1353 Porro
1080 1293 1227 1370 cyathum

202 1411 376 1479 vocamus,
417 1389 540 1452 dimidii
572 1389 658 1451 librae
690 1388 784 1452 unius
814 1409 915 1472 capax
945 1392 1106 1472 poculum.
1155 1393 1227 1472 Qua

201 1490 327 1557 ratione
358 1490 509 1571 colligere
536 1490 645 1564 datur,
672 1501 708 1554 ut
730 1510 802 1552 cum
827 1491 876 1552 adt
892 1490 1112 1554 decoctionem
1131 1491 1226 1554 unius

203 1589 283 1675 ligni
301 1591 404 1665 libre,
425 1590 634 1653 infundantur
652 1610 741 1674 aqua
761 1599 850 1666 octo,
870 1601 903 1653 et
921 1590 1003 1653 iuter
1020 1592 1227 1676 coquendum

203 1691 274 1774 ojus
293 1692 696 1772 dimidium-consumptum
724 1702 886 1772 oporteat,
918 1711 954 1752 ac
975 1689 1060 1754 libre
1087 1678 1226 1776 quatuor

203 1791 380 1877 supersint,
400 1794 515 1878 bisque
531 1794 572 1856 de
591 1814 654 1855 una
669 1801 813 1875 potetur,
835 1802 870 1854 ut
885 1791 979 1855 unius
992 1791 1078 1856 librae
1090 1790 1224 1870 Guajaci

202 1894 351 1960 decoctio
380 1895 413 1957 in
442 1906 580 1979 quatuor
610 1893 678 1957 dies
704 1893 845 1956 sufficiat.
892 1893 1030 1956 inolevit
1053 1895 1115 1956 hoc
1141 1892 1226 1956 enim

202 1995 287 2077 apud
313 1995 473 2069 medicos,
505 1994 646 2076 liquores
671 1992 765 2056 ctiam
788 1994 826 2055 ad
846 1993 979 2074 pondus·
991 2004 1026 2056 ut
1046 1994 1226 2072 metiantur,

200 2096 242 2160 ab
268 2095 397 2158 literatis
427 2094 461 2157 in
490 2104 590 2157 totum
616 2090 834 2157 mensuraium
859 2094 1051 2157 nominibus.
1101 2094 1227 2158 Bibitur

200 2195 333 2278 raptim,
352 2195 421 2257 sine
443 2182 713 2276 interspiratione,
733 2205 805 2276 post
823 2193 958 2258 bihitum
976 2195 1225 2278 interquiescen-

200 2297 277 2363 dum
300 2296 387 2360 horis
415 2297 545 2377 amplius
572 2305 725 2379 quatuor,
759 2303 791 2355 ct
816 2294 936 2357 duabus
962 2294 1092 2378 quidem
1116 2295 1224 2377 primis

201 2410 382 2463 contectum
403 2420 472 2468 esse
493 2407 637 2478 oportet,
667 2406 702 2457 ut
723 2395 837 2458 caloris
857 2416 919 2476 ope
935 2393 1064 2478 digesto
1083 2399 1116 2459 in
1139 2410 1224 2462 artus

202 2500 454 2576 medicamento,
484 2499 617 2561 noxium
638 2497 714 2579 qnid
734 2499 852 2559 exudet
871 2519 971 2577 roger,
1002 2498 1091 2579 quod
1115 2500 1224 2581 quanti

202 2602 354 2664 momenti
372 2600 424 2673 sit,
446 2599 547 2661 dicam
566 2620 625 2663 suo
642 2601 725 2661 loco.
765 2597 946 2678 Quinctium
960 2598 1039 2660 hora
1056 2609 1225 2681 antequam

200 2698 287 2761 bibat
301 2708 381 2773 tota,
402 2697 532 2779 jubetur
546 2700 672 2781 contegi
693 2712 728 2762 ut
747 2702 887 2763 calescat.
923 2698 1003 2760 Sunt
1019 2697 1076 2781 qui
1094 2711 1222 2780 negent,

200 2808 272 2861 aute
299 2797 441 2880 quintam
467 2810 539 2878 post
567 2812 730 2880 acceptum
757 2800 906 2880 poculum
937 2799 1060 2871 horam,
1097 2801 1223 2862 electo

200 2898 413 2981 augendum,
444 2898 536 2961 cibus
557 2899 690 2963 sumitur
709 2901 815 2963 medio
835 2918 901 2960 non
921 2899 1009 2980 prins
1028 2898 1097 2973 die,
1125 2920 1224 2984 quan-

199 3010 266 3062 tum
286 2998 355 3060 lieri
375 3009 479 3078 potest
500 2999 647 3082 exignus.
691 3002 770 3063 Nam
795 2999 920 3062 inanem
946 2998 1115 3080 conprimit
1144 3021 1223 3062 ven-

198 3108 279 3161 trem
302 3099 430 3183 -qnaerit
469 3100 530 3163 hoc
568 3101 838 3166 medicamentum.
902 3100 1014 3184 ltaque
1050 3101 1222 3167 sumendus

199 3198 309 3275 cibus,
344 3221 411 3261 non
432 3200 486 3284 qui
507 3222 642 3264 vacnum
661 3202 722 3265 hoc
741 3203 792 3263 vel
812 3224 853 3264 ax
873 3213 962 3284 parte
987 3200 1131 3284 impleat,
1163 3202 1222 3266 scd

199 3301 338 3363 deficere
358 3301 414 3382 qui
433 3322 500 3364 non
519 3303 597 3364 sinat
606 3324 618 3376 ,⁸
644 3314 680 3364 a'c
704 3302 823 3365 utinam
847 3313 1019 3378 sustentet,
1049 3323 1116 3365 non
1136 3301 1220 3366 vires

198 3399 254 3485 qui
273 3412 403 3483 augeat,
422 3412 529 3485 neque
549 3401 593 3462 ibi
613 3402 804 3482 periculum,
824 3403 923 3471 metui
941 3403 1052 3478 debet,
1075 3402 1217 3487 qnando·

199 3500 328 3586 quidem
353 3500 402 3565 vis
429 3501 511 3565 inest
534 3499 677 3581 Guajaco
700 3507 851 3578 relicere,
876 3514 909 3566 et
927 3504 1133 3577 confirmare,
1163 3504 1221 3568 scd

197 3602 349 3666 nonnisi
375 3604 494 3666 inanes.
548 3602 590 3662 Et
616 3601 744 3663 omnino
771 3600 859 3683 ajunt
887 3602 1045 3669 neminem
1070 3605 1220 3682 deficere,

198 3715 478 3787 quantumcunque
497 3722 608 3781 parum
624 3701 714 3776 edat,
732 3702 831 3767 modo
849 3702 1018 3782 decoctum
1037 3704 1070 3769 id
1085 3705 1220 3769 fideliter

195 3804 292 3869 husi.
337 3803 467 3868 Interim
492 3801 552 3863 nisi
579 3802 692 3865 ulcera·
710 3802 773 3867 sint
792 3814 846 3869 aut
865 3805 1014 3882 vulnero,
1045 3806 1120 3871 nihil
1139 3805 1219 3870 foris

195 3906 345 3981 illinitur,
382 3903 429 3965 his
462 3921 543 3964 vcro
572 3915 772 3984 unguentum
802 3904 930 3983 album,
959 3908 1056 3999 ¹quod
1084 3909 1220 3973 crudum

196 4017 311 4069 uocant
331 4024 374 4065 cx
392 4022 519 4064 cerussa
538 4012 569 4064 et
590 4004 662 4065 oleo
682 4024 816 4069 rosaceo
840 4028 913 4080 cum
938 4009 1123 4087 camphora,
1160 4006 1219 4069 im·

195 4106 326 4186 ponitur
344 4103 476 4165 linteolo
497 4103 635 4167 utilitum.
670 4106 806 4186 Quidam
825 4110 890 4170 sola
909 4128 1019 4187 spuma
1038 4106 1214 4184 obungunt,

196 4219 250 4270 aut
279 4203 465 4268 desiccatum
489 4225 558 4268 eam
585 4204 617 4268 in
646 4208 854 4290 pulvisculum
884 4210 1088 4288 atlspcrgunt.
1134 4208 1216 4269 Sane

195 4316 308 4387 prater
328 4325 469 4386 spumam
487 4306 563 4369 nihil
581 4307 706 4371 decocti
725 4303 820 4388 hujus
837 4304 1015 4368 lorinsecus
1035 4305 1213 4385 adponitur,

196 4407 302 4487 Atque
317 4404 414 4491 aliqui
431 4406 581 4472 breviore
596 4412 741 4491 tempore
756 4416 937 4485 sucrescunt,
958 4404 1090 4493 quidam,
1101 4407 1213 4476 serius.
