2632 5086
425 697 666 798 [uspicientes
689 700 877 801 Dialogsn.
1088 712 1158 783 ⁵35

144 896 201 968 Est
223 894 284 954 hoc
303 891 468 973 proprium
488 890 546 953 illis
567 889 692 965 vitium,
726 902 761 954 ut
779 892 864 956 lraus
884 848 986 970 Italis,
1012 895 1161 965 suracim
1213 954 1221 977 ,

145 991 311 1074 Hispanis,
333 991 427 1055 Gallis
445 990 559 1067 fastus,
578 992 644 1054 aliis
664 990 733 1055 alis.

529 1144 613 1207 Pha
625 1145 694 1205 ‘c'tlr
707 1164 726 1205 o
739 1167 772 1208 u.

219 1245 380 1328 Siquidem
401 1244 631 1309 adesseritium
645 1255 787 1323 oportet,
800 1249 881 1309 malo
893 1267 962 1310 esse
975 1251 1051 1324 lroc,
1065 1270 1158 1334 quam

143 1348 274 1408 istouuu
295 1346 477 1428 quicquam,
497 1344 555 1406 etsi
573 1345 656 1405 hunc
675 1345 733 1407 illis
750 1348 896 1410 morbum
915 1350 1052 1413 adimere
1074 1351 1158 1417 diem
1185 1356 1195 1373 ⁸
1296 1356 1305 1365 '

142 1458 237 1529 puto,
260 1460 294 1507 ut
313 1448 385 1507 alias
405 1443 583 1506 homiuibus
604 1444 818 1523 egritudines,
838 1450 888 1509 vel
908 1460 938 1509 te
958 1468 1086 1527 sperare
1098 1452 1159 1513 hoe

142 1547 284 1626 jubente.
323 1546 385 1608 Sed
406 1546 444 1604 ad
463 1543 647 1618 concilium,
667 1549 853 1626 allegatum
873 1549 956 1609 hunc
969 1548 1091 1609 Leonis
1109 1570 1159 1612 re·

143 1648 285 1709 doamns.
324 1644 480 1722 Quiddam
499 1646 539 1705 dc
561 1664 675 1725 pompa
694 1648 801 1708 clamat
815 1650 889 1721 lule,
910 1647 1071 1709 iracundia
1085 1667 1158 1728 per·

97 1787 99 1792 -
143 1746 222 1807 citus
246 1757 346 1826 pater,
367 1757 398 1808 et
419 1746 463 1806 ira
482 1746 693 1806 inflammatus.
740 1749 849 1830 Atque
869 1746 950 1810 adeo
969 1746 1157 1813 nobiseum

143 1845 235 1908 irasci
255 1844 406 1920 arbitror,
426 1865 495 1906 uam
513 1846 573 1907 luic
594 1845 733 1925 suspicit.

610 1991 663 2052 So
677 1992 697 2052 l.

218 2089 298 2151 lllllri
317 2101 496 2168 succenset,
525 2089 694 2151 audivero
715 2089 792 2173 quid
811 2091 960 2172 loquatur
976 2088 1157 2187 homuncio.

145 2190 280 2271 Quidam
300 2192 433 2253 minatur
454 2191 576 2252 sublato
596 2189 763 2270 supercilio
782 2189 964 2253 insolenter.
1067 2270 1073 2283 .

518 2380 522 2389 .
550 2333 605 2396 Ca
621 2331 627 2342 '
641 2350 755 2396 etan.

215 2436 319 2514 Quem
339 2433 479 2512 oportuit
510 2433 549 2494 ad
568 2356 702 2512 priinum
734 2453 894 2517 quemque
923 2451 1027 2495 meum
1047 2440 1155 2495 nutum

143 2533 341 2607 elucescere,
361 2532 455 2592 solito
475 2532 567 2594 etiam
587 2533 715 2609 clarius,
736 2543 768 2596 et
785 2532 883 2616 magis
902 2530 1076 2617 splendide.

604 2647 625 2707 S
679 2692 688 2710 .

215 2744 302 2826 Quid
320 2747 383 2824 ais,
403 2747 542 2829 Legate,
563 2649 727 2828 quidoaiis?
751 2748 862 2813 Mihln'
879 2750 944 2815 haec
963 2759 999 2813 tu
1018 2744 1157 2829 objicis?

546 2860 746 2945 Cajetan.

218 2958 315 3022 Tibi?
336 2961 425 3045 quasi
445 2962 590 3033 conscius
611 2961 665 3026 ribi
685 2984 751 3025 non
770 2961 812 3026 sis
832 2961 967 3044 ingentis
985 2959 1109 3044 piaculi.

214 3173 367 3238 Profecto
386 3198 454 3240 non
473 3198 559 3255 sum,
590 3081 750 3263 nissioiiuid
767 3176 954 3253 meruerim,
983 3174 1078 3240 dicas.

218 3387 379 3469 Tandem,
405 3294 888 3478 inquamfflrloilisaiimprobe?
911 3392 1153 3456 tundemosten·

140 3484 189 3546 dis
209 3491 326 3551 mundo
338 3491 393 3554 te?
412 3515 507 3577 quem
528 3495 668 3577 oportuit
682 3497 720 3557 ad
733 3494 867 3578 primum
880 3511 1040 3576 quemque
1052 3510 1156 3555 merim

140 3596 251 3748 ἓξὲὲιιιι
271 3590 467 3672 elucescere,
500 3596 593 3659 solito
614 3595 707 3661 etiam
726 3596 852 3672 clarius,
886 3604 919 3659 et
935 3591 1035 3677 magis
1054 3595 1156 3675 splen·

616 3796 701 3860 Sol.

213 3888 289 3951 Non
309 3883 406 3953 video
425 3890 503 3977 quid
522 3899 689 3976 peccarim.

547 4008 604 4075 Ca
614 4010 751 4091 jeten.

213 4107 287 4169 Non
312 4106 427 4172 vides?
456 4109 520 4190 Qui
547 4111 657 4175 decem
683 4135 769 4177 nuuc
795 4124 880 4177 totos
907 4092 978 4177 diei
993 4132 1035 4174 ue
1057 4125 1150 4170 unuu

139 4205 266 4287 quidem
292 4209 415 4272 radium
444 4213 609 4277 ostendisti
635 4214 727 4291 milri,
757 4213 800 4276 ita
819 4213 981 4274 obducens
1001 4211 1042 4272 de
1064 4206 1147 4271 iudo

140 4305 214 4368 stria
234 4329 341 4370 omnes
360 4310 418 4373 tibi
437 4312 554 4390 nubes,
575 4335 611 4376 ac
629 4316 657 4378 si
677 4314 818 4378 invideas
837 4313 957 4377 mundo
976 4313 1087 4373 lucem.
