2632 5086
186 802 231 869 22
500 790 673 867 Misaulus
694 787 881 887 Dialogus.-

108 986 112 993 “
187 983 255 1045 Nisi
274 995 307 1046 tu
327 985 449 1047 modico
467 982 524 1046 ista
549 978 624 1044 tanti
646 979 739 1054 facis,
769 988 804 1042 ut
823 976 856 1041 in
874 979 1003 1060 duplicis
1022 996 1128 1040 morsu
1149 1001 1196 1037 roa

186 1088 353 1161 αλιξικαιων
371 1084 540 1145 Herculem
555 1080 695 1144 invoces.

611 1178 767 1245 Castus.

260 1283 360 1365 Igitur
375 1301 481 1354 omnes
495 1278 524 1355 ⁹)
541 1279 579 1344 ab
600 1280 668 1341 aula
685 1264 795 1349 nabis,
815 1287 846 1336 et
863 1278 1001 1341 desertas
1020 1277 1197 1356 principum

185 1385 297 1446 domus
322 1380 443 1455 reddis,
478 1379 528 1442 vel
547 1378 676 1444 miseros
699 1395 808 1444 omnes
826 1386 932 1455 putas,
968 1374 1022 1458 qui
1043 1376 1101 1438 illis
1121 1397 1197 1438 con·

186 1476 324 1548 viruutt

583 1577 794 1641 Misaulus.

259 1679 341 1743 Nihil
360 1681 510 1753 istorum,
541 1675 651 1741 Castc!
681 1696 791 1737 verum
816 1676 976 1751 mitatem
1002 1675 1059 1738 illis
1083 1695 1197 1756 precor

185 1780 293 1844 mundi
308 1778 458 1853 dominis,
477 1791 512 1839 ut
526 1776 566 1839 sit
581 1776 773 1839 instinrendsa
790 1778 864 1840 aule
879 1775 1051 1838 consilium.
1065 1775 1195 1841 ,Deinde

184 1877 230 1941 sic
254 1876 324 1956 ajo,
358 1879 447 1938 valde
475 1876 661 1954 prudentem
686 1895 753 1936 esse
779 1886 945 1963 oportere,
978 1874 1075 1955 magis
1103 1873 1197 1936 etiam

183 1996 279 2058 quam
303 1976 389 2034 illum
408 1971 612 2036 Homericum
631 1973 788 2049 Ulyssem,
819 1973 874 2055 qui
900 1985 990 2037 carate
1013 1975 1092 2037 liaris
1117 1993 1194 2036 ean·

185 2073 383 2139 suetudinem
408 2081 525 2133 tractet.

615 2172 773 2240 Castus,

258 2271 301 2335 Ut
317 2271 472 2352 intelligo,
491 2282 545 2332 aut
563 2272 653 2351 plane
672 2271 830 2353 decipiunt
846 2292 954 2354 reges,
974 2291 1010 2333 ao
1025 2269 1192 2352 princpes,

183 2381 237 2433 aut
254 2372 330 2437 nidli
349 2371 430 2433 boni
445 2381 518 2433 sunt
536 2369 637 2434 aulici.

579 2462 795 2533 Misaulus.

257 2571 370 2652 Neque
397 2573 477 2642 hoe,
511 2588 616 2650 netpre
645 2568 731 2631 illud.
778 2570 855 2631 Nam
884 2582 914 2632 et
942 2570 1065 2648 sepiunt
1094 2568 1193 2655 pliqui

182 2666 358 2748 principes,
391 2667 453 2728 rari
480 2666 522 2727 illi
549 2666 696 2749 qiridem,
729 2669 785 2730 scd
813 2680 915 2732 tamen
944 2668 1056 2751 aliqui,
1092 2678 1123 2730 et
1150 2686 1193 2727 ex

76 2796 78 2800 ⁷
181 2764 289 2827 aulicis
306 2762 432 2847 quidam
447 2766 587 2844 Ulyssem
605 2763 780 2842 imitantur,
808 2768 863 2847 qni
882 2768 913 2829 in
933 2769 1110 2830 turbulento
1129 2767 1192 2827 hoc

138 2862 148 2891 ⁸
178 2864 259 2926 mari
278 2863 475 2945 navigantes,
507 2883 580 2927 cera
602 2864 751 2928 obturatis
778 2866 904 2931 auribus
924 2865 1079 2928 insidiose
1097 2867 1192 2943 Syre·

182 2985 258 3029 num
284 2962 436 3026 cantionis
462 2983 589 3042 capaces
618 2984 682 3026 non
711 2976 800 3039 sunt,
835 2977 868 3027 et
894 2965 1056 3028 consilium
1075 2963 1192 3025 habent

182 3063 473 3146 pretenravigandae
494 3064 619 3143 Scylla,
649 3064 844 3149 vitandoque
861 3066 909 3141 ξω)
929 3063 1122 3142 Charybdis,
1157 3074 1192 3123 et

181 3165 215 3226 in
241 3164 347 3244 Syrtes
377 3184 443 3225 non
466 3163 651 3247 impingunt.
701 3164 804 3240 Tum,
834 3162 1041 3247 quantumin
1070 3184 1104 3226 se
1131 3173 1191 3235 est,

183 3263 305 3332 clausos
322 3260 355 3323 in
376 3273 445 3325 utre
464 3273 575 3325 uentos
596 3261 774 3338 continent,
801 3284 866 3345 quo
885 3263 987 3326 minus
1006 3262 1045 3323 sit
1068 3271 1191 3343 pertur-

183 3359 316 3424 bationis
335 3362 434 3424 locus.

605 3459 764 3525 Canna

256 3562 297 3623 Et
322 3581 388 3623 non
413 3563 498 3624 recte
525 3563 560 3624 fit
582 3563 661 3634 hoc,
699 3561 787 3644 quod
813 3560 864 3624 isti
888 3561 1037 3632 suadent,
1069 3571 1104 3621 ut
1129 3581 1191 3623 nos

183 3661 317 3740 tempori
342 3661 590 3736 conformemus,
623 3671 655 3723 et
680 3680 798 3738 scenae,
826 3670 861 3721 ut
888 3660 991 3722 fertur
1008 3657 1094 3734 m),
1127 3682 1195 3723 ser-

183 3761 313 3827 viamus·

582 3860 798 3924 Misaulus.
1185 3918 1188 3923 .

256 3958 338 4025 Cum
362 3961 484 4024 decoro
512 3972 619 4035 recte,
657 3961 683 4025 si
711 3959 823 4041 possis.
876 3961 1035 4040 Quantum
1060 3961 1192 4022 dedecet

180 4058 264 4125 enim
281 4059 466 4144 α’λρσιήξιιν
477 4057 547 4143 ὅρου
564 4058 663 4147 frige»
680 4055 820 4123 simmia
838 4059 926 4142 quod
951 4061 1020 4126 aula
1044 4058 1192 4142 imprimis

186 4195 348 4213 finnt——

225 4283 255 4352 ⁴)
284 4294 367 4353 lpttar
393 4309 497 4343 omues:
533 4297 619 4345 Omnes
646 4297 723 4354 tritor.
760 4284 821 4355 m)
856 4301 1021 4357 uitandaque
1034 4315 1044 4344 .·
1078 4297 1190 4353 vitando,

225 4366 288 4437 ω)
310 4381 419 4430 fertur:
454 4382 527 4434 nunt.
