2632 5086
148 758 217 827 na-
475 730 602 825 r'ebn.
625 752 811 849 Dialogus.

567 943 719 1007 Febris.

219 1046 276 1105 Est
294 1046 353 1106 hoc
367 1044 494 1125 quidem
506 1055 611 1124 aptum
627 1042 723 1104 Febri
742 1064 861 1123 genus,
882 1065 918 1106 ac
934 1045 1024 1127 digni
1043 1043 1152 1106 viden·

145 1154 196 1204 tur
214 1142 410 1218 hujusmodi,
432 1144 546 1226 quibus
566 1151 657 1226 qu'am
680 1144 852 1207 diutissime
868 1145 1052 1207 cohahitem.
1089 1142 1152 1205 Sed

148 1261 276 1315 vereor,
312 1243 546 1304 innumerabiles
575 1265 615 1303 ne
634 1265 683 1306 me
703 1245 746 1306 ibi
772 1244 971 1328 aegritudines
991 1261 1150 1321 prevene-

146 1341 222 1415 rint,
264 1344 517 1425 ‹piandoqnidem
547 1344 592 1407 sic
619 1343 728 1405 vivunt
751 1345 805 1406 illi.
850 1345 945 1408 Putas
965 1355 1000 1404 tn
1018 1344 1152 1423 aliquem

146 1443 257 1501 horum
281 1441 362 1502 eninr
392 1442 502 1503 morbo
530 1443 612 1504 haud
639 1444 714 1505 dnm
739 1444 885 1523 captum?
916 1454 949 1504 et
973 1462 1068 1525 quent
1088 1462 1152 1502 non

148 1541 344 1620 occupaverit
367 1543 505 1623 podagra
529 1564 650 1623 nuper,
675 1555 727 1605 aut
747 1546 901 1619 calculus,
933 1554 985 1605 atat
1005 1544 1153 1622 hydropi·

147 1638 205 1713 sis,
236 1652 287 1700 aut
308 1640 424 1715 lsclria,
456 1651 508 1702 aut
526 1643 726 1704 articulorum
744 1642 917 1717 cruciatus,
948 1653 1000 1703 aut
1024 1641 1151 1703 morbus

148 1738 275 1821 regius,
316 1751 367 1801 aut
396 1744 500 1819 lepra,
542 1752 594 1802 aut
624 1743 778 1816 caducus,
819 1755 873 1804 attt
900 1742 1060 1816 Gallicus,
1103 1751 1156 1803 ant

148 1836 278 1918 pessima
298 1862 430 1922 quicque
449 1839 587 1915 scabies,
607 1852 659 1902 aut
679 1840 822 1916 Cancer,
843 1851 895 1903 aut
914 1840 1071 1920 Polypus,
1102 1848 1154 1901 ant

148 1938 277 2016 Lupus,
306 1951 358 1999 ant
379 1941 495 2012 llstula,
526 1950 579 2001 aut
598 1939 748 2020 Angina?
779 1952 830 2002 aut
850 1940 905 2023 qui
925 1940 1087 2013 manibus,
1118 1958 1153 2000 ac

148 2036 279 2115 pedibus
298 2038 480 2116 permultam
498 2038 591 2101 miser
610 2038 790 2102 ebrietatem
810 2051 934 2112 tremat3
955 2051 1006 2099 aut
1024 2040 1154 2101 laterum

149 2138 240 2199 dolor
265 2158 358 2221 quem
386 2134 503 2197 vexet?
535 2149 587 2200 aut
613 2138 667 2219 qni
696 2150 854 2221 utcunque
874 2141 1001 2201 allectus
1030 2138 1070 2201 sit
1091 2159 1154 2220 quo

150 2241 250 2301 minus
269 2237 351 2299 febri
370 2239 457 2297 locus
477 2256 546 2300 esse
566 2239 691 2318 possit?
730 2242 807 2301 Nam
829 2251 860 2300 et
884 2242 944 2312 hae,
973 2259 1050 2321 quas
1072 2238 1155 2311 dixi,

150 2350 182 2399 et
208 2338 271 2400 aliae
302 2324 469 2397 inninnerae
487 2348 613 2416 pestes,
643 2339 773 2402 culinam
795 2350 986 2423 sequuntur,
1015 2358 1156 2410 mensas,

153 2450 184 2501 et
207 2436 353 2499 convivia
380 2446 538 2518 (pararunt,
574 2457 609 2497 ac
634 2459 704 2500 curn
732 2439 868 2500 delicatis
893 2437 950 2499 illis
975 2448 1007 2497 et
1034 2436 1156 2515 pingui·

151 2539 210 2600 bus
230 2538 366 2599 babitare
386 2537 539 2615 gaudent,
568 2547 598 2596 et
617 2539 655 2600 ad
673 2541 865 2601 serculorum
890 2550 925 2598 ut
944 2558 1028 2617 ego,
1058 2534 1156 2597 varie-

154 2649 270 2711 tatem,
302 2648 334 2696 ct
352 2639 460 2698 luxum
479 2638 654 2719 agminatim
674 2640 844 2701 confluunt.

567 2738 731 2799 liuttcn.

225 2835 378 2897 Confide!
405 2836 500 2918 aliqui
518 2849 626 2899 vacant
644 2838 746 2910 enim,
781 2836 838 2899 iste
858 2835 998 2915 inprimis
1019 2834 1156 2897 Curtisa·

155 2957 233 3011 nus,
255 2935 310 3015 qui
328 2956 429 3016 nuper
448 2937 486 2997 ab
507 2937 583 2997 urbe
602 2949 781 3011 retenens,
800 2956 872 2997 cum
890 2937 973 3016 apud
993 2938 1156 3015 quenulam

154 3036 215 3098 illic
236 3035 431 3098 Cardinalcm
450 3034 607 3098 didicisset
631 3037 763 3097 molliter
783 3035 910 3108 vivere,
937 3035 970 3095 in
989 3036 1108 3097 medias
1128 3054 1156 3096 se

154 3147 283 3217 repente
302 3136 426 3198 delicias
447 3133 600 3215 conjecit,
620 3136 745 3217 agitque
764 3132 968 3216 periucunde.

582 3235 733 3296 Febris.

231 3333 314 3396 Bibit
332 3334 461 3395 tinum?
577 3336 580 3343 '

577 3434 737 3494 Hutten.

230 3532 380 3595 Perbibit.

579 3630 731 3692 Febris.

233 3730 349 3793 Condit
380 3732 506 3813 pipere,
553 3743 585 3792 et
620 3730 810 3803 cinamomo,
849 3739 882 3789 et
918 3724 1095 3800 zinzibere,
1135 3747 1155 3786 e

158 3830 375 3917 gariophyllo?

586 3930 747 3991 Hutten.

232 4029 431 4113 Largissime.

587 4126 738 4190 Febris.

234 4229 337 4292 Habet
355 4230 468 4304 lectnd,
489 4238 521 4289 et
539 4238 673 4305 tapetes,
693 4236 725 4285 et
738 4223 879 4287 culcitras
897 4224 1009 4304 plumis
1026 4226 1156 4287 sunm

162 4338 193 4397 et
211 4328 391 4404 nervicdia,
410 4340 442 4389 et
463 4326 619 4391 sericum?
