2632 5086
280 792 342 867 Ad*
361 794 502 869 Eream.
528 795 706 871 Roterod.
731 797 909 896 Epistola.
1039 806 1111 876 203

83 995 115 1046 te
137 978 291 1047 oderint?
328 987 448 1050 faciunt
469 988 652 1069 ipsum-hoc
678 1012 738 1054 suo
759 994 897 1077 quodam
916 993 1009 1076 jure:
1041 1016 1113 1060 nam

82 1088 166 1147 benc
183 1109 256 1150 raro
273 1088 392 1150 iaciunt
409 1090 536 1172 aliquid.
569 1091 642 1153 Fuit
656 1102 755 1156 totum
771 1095 820 1156 lric
836 1117 974 1158 mensem
991 1087 1111 1173 r'umor,

83 1199 134 1260 et,
150 1190 266 1262 credo,
287 1189 326 1250 ad
346 1211 519 1277 rususque
534 1192 696 1273 pervenit,
715 1202 750 1257 in
762 1193 841 1254 bello
858 1197 1036 1258 occubuisse
1051 1218 1110 1256 me·

83 1289 157 1347 llec
183 1287 225 1349 illi
252 1292 468 1368 exsultabant,
502 1296 564 1356 lroc
583 1295 822 1374 triumphabant.
861 1296 958 1376 Quod
984 1294 1010 1355 si
1034 1292 1113 1377 quit]

82 1389 158 1449 milri
183 1389 372 1465 accidisset,
412 1404 533 1455 certum
559 1395 683 1470 baben,
720 1413 742 1450 a
771 1395 896 1453 Christo
925 1396 985 1452 hoc
1013 1398 1111 1467 imps-

82 1507 188 1553 trnsse
205 1519 255 1566 se,
280 1492 420 1555 dicturos
443 1493 552 1556 luisse.
592 1494 662 1559 Jam
682 1494 749 1556 scio
769 1493 869 1567 enim,
888 1495 968 1555 male
987 1487 1110 1572 precari

83 1590 186 1652 uobis.
229 1593 311 1673 Legi
329 1600 504 1676 Dialoqnm
522 1595 708 1675 Latonri,⁰l
727 1604 758 1656 et
777 1591 844 1656 risi.
885 1594 937 1654 'lu
951 1612 1030 1655 vero
1043 1608 1111 1653 non

83 1692 182 1753 debes
204 1704 331 1769 putare,
351 1705 383 1754 lc
402 1696 463 1757 hoc
477 1696 652 1782 perdidisse
669 1706 810 1775 tempus,
832 1694 922 1775 quod
939 1691 1113 1753 scribendae

80 1801 251 1875 Apoloqiae
275 1794 403 1871 dedisti,
439 1823 510 1864 nam
536 1803 569 1864 id
596 1794 689 1858 uobis
718 1793 825 1874 magui
851 1791 931 1854 lucri
952 1792 1022 1853 vice
1040 1789 1112 1852 luit.

84 1894 181 1971 Quod
203 1893 315 1955 scribis
336 1897 376 1957 tle
395 1906 621 1974 Ferdz‘naudo,
644 1895 723 1958 mire
742 1897 859 1976 placet,
886 1893 987 1955 studia
1007 1901 1113 1954 nostra

82 2014 187 2055 amare
216 1994 457 2061 adolescentem.
505 1995 645 2061 Erexisti
672 1995 808 2058 animum
835 1994 928 2069 mihi,
963 1991 1112 2075 speranti,

81 2093 172 2168 ἷῦῐθ,
202 2104 239 2154 ῑῑῑ
259 2098 345 2160 orbis
366 2100 466 2181 cupita
487 2102 638 2163 adversus
658 2097 835 2160 barbariem
854 2095 1019 2158 nobiscum
1036 2109 1116 2155 con·

82 2194 217 2273 spirent.
251 2197 402 2257 Albertus
420 2205 606 2274 cardinalis
623 2209 751 2260 strenue
768 2219 838 2270 nos,
853 2208 978 2272 tuetur,
998 2214 1114 2279 meque

81 2296 186 2357 adhuc
212 2294 305 2356 habet
321 2294 508 2371 liberaliter,
529 2309 560 2357 et
576 2297 622 2359 tui
645 2296 804 2360 desiderio
825 2308 955 2360 tenetur·
966 2297 1118 2361 maximo.

82 2397 199 2479 luitpre
218 2394 316 2470 lacis,
349 2394 405 2478 qni
430 2407 463 2456 te
484 2417 550 2465 non
573 2399 668 2461 ollers
690 2398 757 2474 illi3
787 2418 852 2459 non
873 2399 1006 2459 credens
1028 2389 1115 2469 inihi,

84 2497 177 2559 toties
204 2496 366 2572 clamanti,
399 2517 587 2578 propensam
615 2499 697 2561 illius
722 2520 797 2581 erga
824 2510 855 2561 te
876 2495 1115 2579 benignitatem.

86 2597 166 2661 Mihi
184 2596 342 2669 commisit
363 2618 495 2673 munus,
523 2610 637 2682 quote
657 2599 791 2664 visissim
807 2603 952 2663 honorat.
991 2607 1114 2662 Patere

83 2712 131 2764 est
152 2704 348 2785 exurgente
367 2709 541 2775 deaurato,
566 2711 692 2779 praeter
707 2700 759 2777 id,
780 2703 868 2784 quod
886 2710 1025 2782 pondere
1038 2716 1114 2779 per·
1138 2737 1140 2743 ·

82 2827 207 2884 tneque
235 2792 302 2875 est,
334 2816 405 2862 arte
424 2808 821 2869 edlzuc.·commcndabilis.
868 2803 940 2864 Non
960 2798 1116 2882 judicabis

85 2901 255 2983 indignum
282 2899 425 2981 principe
446 2922 577 2962 munus:
614 2922 803 2984 quamquam
831 2902 899 2982 ipse
925 2901 1026 2974 dicat,
1056 2909 1116 2964 hoc

84 3029 121 3069 se
137 3011 218 3065 dare
228 3007 376 3084 suqicnti
396 3007 454 3064 riht
462 3051 472 3080 ,
491 3010 660 3077 datiarum,
678 3011 711 3064 si
729 3011 855 3084 puarrdo
872 3011 1006 3064 accedas
1016 3050 1024 3077 ,
1045 3026 1117 3063 am.
1188 3010 1193 3027 '

83 3113 193 3184 pliora
212 3110 312 3165 rnulta
320 3152 330 3179 ,
348 3111 506 3184 vocatque
523 3114 658 3165 Amoris
671 3102 733 3162 hoc
745 3107 906 3165 Poculum.
943 3101 1033 3178 lpse,
1047 3120 1114 3181 quo
1128 3132 1130 3136 ⁴

86 3204 143 3267 tibi
162 3203 297 3278 mittam,
326 3202 443 3264 dubius
465 3225 544 3264 sum.
583 3203 662 3264 Nam
683 3200 716 3262 in
735 3210 892 3285 Arrqliam
917 3199 1005 3263 abire
1027 3197 1117 3280 ajunt
1166 3236 1169 3240 ·

87 3317 130 3367 te.
168 3303 298 3378 Scribe,
320 3303 398 3386 quid
417 3303 487 3365 fieri
506 3303 584 3365 velis
607 3304 647 3363 (le
666 3318 784 3382 patera
808 3302 959 3381 primum,
987 3300 1130 3376 deinde,¹

91 3404 169 3488 quid
191 3403 249 3466 tibi
276 3403 464 3484 proponas?
504 3405 583 3465 Belli
612 3421 765 3482 prospera
794 3402 897 3463 ouruia
928 3412 1114 3465 evenerunt.

89 3505 210 3588 Magno
238 3505 438 3568 Germaniam
461 3505 622 3585 periculo,
650 3503 776 3582 publico
799 3514 884 3566 metu
902 3501 1117 3563 liberavimus.

92 3606 177 3686 Quid
202 3625 396 3686 magnopere
421 3626 567 3666 curemus
590 3602 691 3677 euim,
723 3604 812 3686 quod
837 3602 924 3664 vivat
953 3603 1024 3674 illc,
1052 3602 1114 3676 cui,

89 3707 163 3789 quia
192 3705 364 3769 ademimus
395 3706 517 3781 omnia,
554 3705 726 3768 vivendum
750 3704 863 3767 misere
891 3701 961 3764 est?
1000 3702 1115 3762 Totam

91 3807 259 3890 aliquando
287 3829 355 3870 rem
383 3808 481 3888 leges.
527 3806 712 3890 Stutgarrliae
744 3815 935 3884 cuprionem
965 3799 1115 3874 eunvrui,

90 3908 227 3988 positum
253 3927 369 3988 magno
396 3907 429 3968 in
457 3908 580 3969 timore.
618 3906 773 3968 Militares
799 3905 926 3966 furores
956 3899 1116 3962 metuebat

52 4001 54 4004 ’
91 4007 193 4071 bonus
228 4019 327 4087 pater.
354 4009 418 4071 Sed
445 4028 508 4089 ego
538 4005 708 4071 Francisco
738 4005 871 4069 ductore
901 4002 985 4084 apud
1016 4001 1114 4064 duces

122 4239 151 4306 ⁹)
172 4246 266 4293 Jacobs
289 4247 413 4305 latent.
438 4246 556 4302 Theolegl
582 4247 673 4294 Lerna.
699 4244 729 4291 de
754 4243 825 4290 talum
842 4241 984 4299 Liuianum·
1001 4241 1027 4288 el
1044 4237 1124 4285 studll'

172 4331 306 4388 theologici
322 4332 434 4388 ratione,
450 4331 575 4386 Dialogus.

1008 4411 1049 4455 W.
