2632 5086
363 658 469 739 Trina
492 660 659 735 Romana
681 660 868 765 Dialogus.
1051 668 1122 739 tta

104 854 282 919 revinctum
299 854 339 919 iri
357 859 477 919 nodum
500 878 572 921 cnm
584 902 602 934 ,
615 858 647 919 itl
665 858 752 940 quod
771 857 912 941 intelligo
932 859 1012 919 vellc
1026 858 1122 936 illum,

107 958 235 1037 quando
256 958 331 1019 dicit
348 954 569 1039 jusjurandum
590 960 769 1021 interlicere
786 960 930 1023 Romana.

534 1062 563 1121 ll
575 1070 697 1121 ullen.

182 1157 350 1241 Intelligis,
371 1181 443 1223 nam
463 1162 551 1244 q'uod
572 1161 730 1237 aufertur,
753 1154 877 1225 'nullum
897 1172 960 1236 est,
990 1174 1042 1224 aut
1062 1184 1121 1241 pro

104 1258 294 1339 interempto
314 1272 381 1335 est,
408 1260 550 1339 pontilici
569 1282 648 1324 vero
671 1260 779 1325 tribuit
805 1262 1007 1341 superstitio,
1034 1264 1122 1346 quud

104 1356 221 1419 inlecta
240 1360 338 1440 possit
356 1362 509 1435 reddere,
537 1384 606 1446 quoe
636 1362 715 1423 lacta
746 1375 829 1424 sunt.
880 1362 985 1425 Porro
1019 1374 1121 1424 autem

103 1457 290 1539 religionem
317 1462 361 1525 ibi
389 1463 460 1547 quis
485 1462 578 1523 nnius
607 1462 661 1542 pili
690 1462 792 1524 sarit?
823 1474 873 1524 aut
903 1463 984 1525 aliutl
1012 1464 1121 1527 liomae

103 1557 258 1636 studium,
280 1569 393 1640 prater
411 1561 551 1641 pecunie,
570 1562 663 1637 illud,
691 1564 761 1646 quis
780 1563 892 1625 curat?

520 1662 710 1724 Ernhold.

178 1760 346 1839 lllajorum
363 1771 468 1825 antem
480 1764 623 1843 exempla
643 1764 711 1845 tntis
732 1766 912 1836 catilano,
933 1762 988 1845 qni
1008 1762 1122 1827 imitari

103 1861 246 1941 cogitet?

523 1967 696 2029 Hutten.

176 2062 311 2126 Simonis
343 2066 489 2147 quidem,
519 2065 713 2142 Domitiani,
742 2062 891 2139 Neronis,
911 2063 1119 2147 Heliogabali,

101 2173 132 2223 et
146 2161 239 2243 lutjns
254 2166 381 2243 gennis
395 2166 602 2245 pessimorum
621 2170 817 2247 complures,
838 2166 998 2229 bonorum
1013 2188 1119 2242 atomo,

100 2285 169 2324 nam
196 2265 236 2323 de
262 2265 466 2341 Petri'vila,
500 2262 635 2351 ejusque
665 2266 872 2347 episcopatu,
906 2266 960 2348 qui
987 2265 1121 2326 verbum

98 2365 208 2425 Romae
234 2365 329 2439 lacit,
363 2368 525 2429 ridiculam
545 2368 712 2430 admodum
731 2369 856 2429 aditure
876 2367 1012 2441 fabulam
1031 2366 1121 2427 ride-

98 2476 166 2538 tur,
194 2467 377 2547 l'aciuutque
398 2468 474 2527 (litas
495 2469 646 2550 quasdam
665 2462 827 2542 eeclesias,
856 2466 1059 2549 primitivam,
1087 2466 1124 2533 iu

99 2586 162 2644 qna
183 2565 327 2626 meliores
348 2567 517 2640 vixerunt,
545 2568 601 2627 scd
621 2566 777 2651 quantilli
794 2569 936 2631 umbram
955 2568 1121 2651 qnamdam

98 2668 242 2743 litignnt,
272 2676 303 2724 et
323 2669 555 2743 secundariam,
585 2688 655 2750 qnae
682 2680 730 2733 cst
747 2667 829 2731 illius
847 2669 966 2731 umbrat
989 2690 1121 2750 corpus,

99 2776 130 2824 et
155 2765 236 2840 vita,
269 2776 333 2827 tota
359 2769 507 2848 pnlcltra,
533 2779 598 2830 tota
617 2788 727 2845 aurea,
753 2782 786 2831 et
808 2772 946 2832 numeris
972 2770 1119 2833 omnibns

97 2867 255 2942 absoluta,
282 2868 428 2932 nimirum
449 2893 518 2953 quae
538 2894 579 2933 ex
595 2870 820 2952 impostoribus
840 2882 904 2941 est,
922 2890 963 2930 cx
982 2869 1120 2945 iuribus,

96 2981 127 3028 et
147 2970 327 3059 sacrilegis,
355 2992 394 3031 ex
427 2972 675 3045 fraudatoribus,
700 2970 844 3042 notariis,
873 2992 916 3029 ex
939 2966 1119 3031 simoniacis

95 3070 272 3151 episcopis,
301 3083 332 3131 et
359 3072 575 3135 adulatoribus
602 3070 738 3137 Romani
765 3068 927 3143 antistitis,
955 3080 1049 3151 atquo
1073 3069 1119 3129 ltit

95 3172 185 3244 solis,
222 3194 293 3234 nam
319 3172 581 3254 antiepiscopus,
607 3185 660 3235 aut
680 3170 844 3234 cardinalis
865 3171 968 3233 bonus
993 3180 1040 3233 cst
1058 3171 1120 3232 hoc

95 3283 255 3348 tempore,
276 3294 349 3335 enm
369 3272 551 3354 longissime
570 3274 609 3335 ab
629 3294 664 3333 se
682 3282 862 3345 removent,
882 3290 919 3333 ac
936 3280 1048 3350 preter
1066 3286 1120 3331 ec·

93 3373 218 3431 elesiatn
232 3374 356 3434 habent.
388 3373 545 3436 Praeterea
563 3375 727 3455 quamdam
741 3384 855 3452 jactant
867 3372 1046 3434 adornatam
1058 3369 1119 3451 jam

96 3472 172 3532 olim
191 3474 229 3533 ab
248 3493 282 3534 sc
303 3473 504 3539 Constantini
524 3474 750 3548 tlonationctn,
777 3485 812 3533 et
831 3472 1002 3534 occidentis
1021 3472 1119 3550 irnpe-

94 3572 178 3634 rinm
203 3574 242 3633 ad
268 3594 303 3634 sc
332 3576 494 3652 pertinere
521 3576 648 3649 dieunt,
678 3586 898 3655 occupantquc
924 3594 964 3633 eo
990 3572 1119 3633 nomine

93 3672 206 3733 urbem
230 3673 379 3747 Romam,
405 3676 541 3737 Romani
562 3676 780 3757 imperatoris,
810 3673 909 3756 siquis
928 3684 1027 3745 esset,
1061 3672 1120 3733 tlo-

93 3772 262 3845 mieiliunr,
289 3783 321 3832 et
341 3772 463 3853 imperii
483 3788 595 3853 capnt,
624 3773 742 3838 aloitide
766 3774 882 3837 nullam
901 3782 1119 3853 aspernantur,

92 3892 128 3935 ut
149 3875 282 3947 Petrus,
303 3872 525 3953 temporariam
543 3874 713 3949 ditionem,
733 3876 790 3937 sed
808 3894 867 3954 pro
887 3874 994 3953 regnis
1013 3872 1119 3946 ctiam,

91 3987 122 4041 et
143 3973 281 4055 imperiis
304 3973 513 4055 digladiantur
534 3985 636 4049 terra,
666 3997 703 4039 ac
721 3977 799 4039 mari
818 3974 1061 4041 tumultuantes.
1087 3986 1120 4039 ct

92 4077 277 4159 sataguincm
297 4078 454 4152 stntdunt,
483 4096 521 4138 ac
545 4096 671 4138 veneno
691 4088 883 4159 grassamur.

506 4178 707 4242 Errilroltl.

166 4277 303 4341 Veneno
324 4278 415 4341 valde
434 4278 512 4340 scio.
