2632 5086
582 735 757 834 Epistola.
870 718 879 733 ³
1117 696 1183 817 all

145 927 278 991 hominis
290 948 417 1002 causa,
439 928 496 1010 qui
513 947 620 1013 neque
634 952 728 994 manu
742 942 906 1007 strenuus,
927 953 1033 1016 nomae
1049 933 1181 997 consilio

148 1031 247 1091 boum
272 1030 337 1091 fuit
367 1050 519 1113 unquam.
567 1029 670 1109 Cujus
705 1044 735 1092 te
761 1035 852 1094 nullae
880 1055 957 1113 opos
981 1032 1094 1113 juvare
1127 1046 1178 1096 mn

151 1133 276 1192 uirtutes
297 1133 475 1194 honestare
493 1145 644 1211 possunt,
666 1133 720 1194 sod
739 1146 849 1194 tttntlffl
865 1133 920 1215 qui
941 1134 1026 1194 omui
1047 1134 1079 1194 in
1096 1136 1179 1196 hunc

152 1232 230 1293 diem
252 1230 377 1293 malitia
404 1232 577 1312 preditus,
614 1233 645 1294 in
679 1233 908 1296 nefandissimis
941 1257 975 1296 se
1006 1234 1177 1295 sceleribus

151 1333 306 1405 exercuit,
342 1342 377 1393 et
401 1330 493 1408 cujus
519 1342 550 1394 tc
572 1333 867 1396 contaminatissima
890 1336 973 1416 apud
996 1356 1106 1396 omncs
1122 1356 1178 1395 ca-

148 1434 290 1494 istimatio
310 1432 354 1494 ad
371 1452 480 1511 parem
496 1432 655 1495 infamiam
672 1435 815 1496 adducet.
855 1438 949 1497 Hunc
967 1447 1019 1510 tn,
1039 1435 1177 1519 inquam.

146 1534 216 1613 luge
236 1556 320 1608 rex,
354 1533 381 1594 si
404 1533 522 1597 alienus
544 1554 598 1607 es,
628 1535 654 1596 si
673 1534 880 1615 conjunctus,
907 1537 1030 1599 desere.
1073 1535 1178 1598 Rusti·

143 1634 204 1695 cani
237 1633 393 1696 homiues
423 1634 574 1715 imprimis
611 1634 707 1697 rudes
737 1635 890 1709 Svitzeri,
908 1639 937 1709 *)
976 1657 1048 1696 cnm
1076 1636 1176 1697 valida

141 1736 287 1798 manniri
304 1733 461 1796 auxilium
480 1732 665 1814 jampridem
685 1735 766 1797 illius
787 1735 956 1803 exiissent.
984 1737 1176 1799 couscientia

141 1837 225 1905 uui,
259 1835 408 1918 quodam
425 1835 518 1896 etiam
540 1857 612 1898 cum
634 1835 776 1914 periculo
799 1837 888 1910 fidei,
911 1838 963 1909 ²⁸)
998 1837 1175 1920 derelique-

141 1949 228 2012 mut,
259 1946 297 1997 tu
324 1936 403 2017 quid
427 1935 540 2009 facies,
567 1950 595 1996 et
616 1959 692 2012 rex,
720 1950 753 1999 et
773 1938 904 1999 Gallus?
933 1940 1004 2020 Age
1026 1949 1130 2001 atatem
1150 1940 1175 2001 si

140 2036 305 2119 popularis
324 2046 409 2097 esset
435 2037 492 2097 tibi
518 2039 610 2099 etiam
627 2038 769 2099 carnifex
790 2037 858 2112 illc,
885 2060 957 2100 cum
977 2060 1049 2101 eum
1069 2042 1175 2121 expol-

140 2141 233 2213 leres,
258 2147 317 2198 aut
338 2137 493 2218 supplicio
512 2139 663 2200 adliceres
682 2139 783 2203 forte.
812 2160 920 2199 nonno
934 2160 1070 2220 reguum
1087 2150 1174 2202 tuum

142 2259 358 2321 expurgasse,
379 2248 411 2298 ct
428 2237 553 2320 piaculo
569 2238 700 2300 Galliam
716 2260 832 2321 magno
852 2241 999 2300 lustrasse
1017 2251 1049 2300 te
1068 2240 1175 2303 dicere

144 2338 263 2401 selles?
296 2340 344 2401 Ar
363 2359 447 2400 nuric
469 2360 534 2399 non
555 2340 661 2400 Gallus
682 2351 751 2414 cst,
781 2361 893 2400 verum
919 2340 1010 2415 hinc,
1028 2339 1096 2414 w)
1116 2338 1171 2400 ubi

146 2460 253 2519 magno
277 2449 395 2500 nostro
413 2439 536 2519 pudore
557 2448 591 2499 ot
616 2441 694 2500 altus
719 2450 767 2501 est
790 2449 822 2501 et
838 2437 982 2521 genitus,
1013 2438 1172 2500 bonorum

148 2540 281 2602 omnium
301 2558 479 2613 consensu,
499 2538 623 2620 publica
642 2537 884 2619 conjuratione,
912 2537 1067 2600 sententia
1086 2539 1172 2601 orbis

144 2651 225 2703 terrae
251 2640 476 2720 imperatoris,
515 2641 684 2718 expulsus,
725 2639 846 2715 ejectus
879 2649 909 2701 ct
930 2640 1169 2701 condemnatus.

144 2741 171 2801 in
188 2742 328 2804 Galliam
363 2751 466 2815 tuam,
510 2740 600 2823 qnasi
627 2761 664 2802 ca
693 2742 850 2802 latronum
884 2752 915 2800 et
944 2739 1170 2820 parricidarum

143 2854 327 2905 nostrorum
358 2839 399 2901 sit
430 2842 681 2920 receptaculum,
718 2840 875 2917 confugit.
927 2840 1029 2919 Quzun
1062 2849 1096 2900 tu
1125 2838 1170 2902 sic

144 2944 242 3006 odisse
266 2953 384 3023 potes,
418 2952 453 3004 ut
474 2940 516 3003 illi
535 2952 642 3023 patore
663 2940 765 3005 velis?
797 2941 901 3000 Porro
921 2937 1007 2999 circs
1024 2937 1072 2998 tui
1091 2937 1169 3020 quid

143 3045 240 3107 dicent
249 3042 264 3117 ‚'
277 3042 303 3103 si
313 3041 489 3104 Germania·
503 3040 711 3121 obprobrium
723 3040 923 3102 conciliatum
937 3037 993 3099 tibi
1007 3035 1169 3098 viderint?

144 3146 253 3206 llonnc
275 3163 344 3204 rem
363 3141 429 3205 suis
451 3142 611 3216 indignam
634 3141 775 3204 moribus
794 3137 980 3201 admissam?
1012 3149 1044 3199 et
1065 3149 1097 3199 te
1118 3157 1169 3199 ac·

143 3247 309 3318 cusabunt,
332 3243 388 3326 qui
410 3246 500 3327 quod
524 3242 692 3305 Gerinauia
714 3240 951 3322 repudiaverit,
985 3237 1019 3301 id
1041 3237 1169 3318 potissi·

142 3365 219 3407 mum
253 3344 314 3405 tibi
346 3342 528 3425 delegeris?
569 3343 601 3406 in
630 3365 670 3405 eo
706 3364 794 3424 spem
827 3339 1056 3404 collocaveris?
1078 3338 1166 3414 ****)

143 3446 233 3523 Qtrod
251 3443 278 3505 si
296 3463 404 3526 neque
420 3445 532 3519 velles,
552 3465 659 3526 neque
677 3456 708 3506 te
725 3454 888 3526 oporteret
904 3443 994 3504 famae
1013 3440 1166 3503 rationem

143 3544 253 3607 labere
275 3555 354 3617 turc,
384 3554 488 3605 tamen
507 3543 639 3623 periculi
661 3544 844 3626 magnitudo
861 3541 1028 3605 consilium
1047 3528 1167 3602 mutare

145 3646 258 3706 «lenuit.
300 3646 380 3706 Nam
405 3656 440 3704 ut
462 3644 659 3708 validissimis
683 3646 801 3728 copiis,
823 3645 863 3706 ad
882 3664 1008 3705 ornnem
1024 3661 1090 3704 nou
1110 3658 1166 3700 ne·

145 3747 314 3808 cessitatem
335 3756 471 3818 tantum,
498 3747 554 3807 sed
571 3747 773 3826 splendorem
797 3747 889 3806 otiam
907 3741 1077 3805 instructus
1100 3738 1164 3813 sis,

146 3866 222 3908 ame
242 3858 348 3910 tamen
372 3844 509 3908 monitus
537 3868 608 3908 esse
626 3847 744 3921 debes,
780 3856 813 3905 et
832 3855 955 3905 nostras
977 3841 1070 3902 uobis
1092 3857 1163 3903 esse

147 3945 237 4023 sires,
257 3968 295 4007 ac
311 3946 437 4009 interim
451 3947 607 4028 cogitare,
625 3946 848 4011 conscientiam
864 3943 1015 4027 requitatis
1027 3940 1163 4003 animane

175 4131 202 4191 ⁰)
220 4140 344 4184 imarr'mts
363 4139 437 4183 rodes
448 4132 578 4184 snitum:
597 4141 621 4185 et
635 4141 741 4183 extreme
760 4137 829 4182 rudes
846 4133 959 4181 llelvetli.
995 4123 1041 4192 ⁸⁴)
1059 4133 1163 4189 ΨΜ

176 4224 246 4266 oriam
275 4236 330 4266 cum
356 4224 469 4271 periculo
495 4227 573 4276 fidei:
604 4226 702 4279 quartam
732 4224 803 4267 ctiam
832 4220 887 4265 tidei
913 4231 959 4264 auae
985 4232 1036 4263 cum
1060 4218 1164 4269 lulum·

179 4297 326 4356 ”Ullum
355 4306 425 4351 hunc.
464 4298 543 4365 Μ’)
562 4312 637 4353 statt:
665 4311 691 4352 ln
713 4322 741 4352 eo
761 4320 825 4359 sltem
846 4306 1027 4359 ‘011008128'2'52
1058 4300 1163 4345 ''¹¹¹‘’5‘f'

180 4386 231 4430 timo
247 4392 442 4445 osroenorum.
