2632 5086
424 722 428 729 ·
504 659 521 670 ”
570 687 771 802 epistota(
1101 720 1166 795 ως

142 883 261 978 primus
288 895 461 959 maledictis
477 898 648 961 insectatus
667 898 717 962 sit.
764 900 866 983 Cujus
886 903 944 967 tibi
960 867 1073 988 flagitii
1091 925 1168 975 con·

142 997 223 1060 sciris
241 1019 314 1059 eum
329 996 388 1071 sis,
409 1018 474 1058 uon
494 998 651 1067 humititer
672 1001 804 1078 sentias,
826 1004 882 1067 sed
907 1005 1039 1069 animem
1057 1028 1168 1089 super·

141 1096 269 1160 bissime
285 1100 404 1161 excites
422 1110 526 1173 tuam,
547 1103 777 1178 muraenulas,
799 1115 834 1167 ut
855 1105 994 1178 ccelesiis
1010 1111 1167 1184 consulas,

140 1198 255 1279 scripta
282 1199 338 1261 abs
362 1209 394 1259 te
420 1198 486 1260 lnee
508 1189 615 1262 (licere
642 1212 672 1262 et
694 1201 880 1279 Christiana,
895 1227 988 1285 usum
1013 1208 1168 1275 nottestia

140 1298 333 1379 praeteiidis,
371 1322 535 1383 spiramque
560 1322 626 1363 sion
652 1304 785 1380 habeas,
821 1309 912 1389 quod
938 1306 972 1369 in
994 1307 1048 1397 idq
1071 1310 1167 1395 digne

139 1401 379 1478 reprehendas,
413 1402 453 1462 nd
479 1402 639 1465 maledieta
666 1415 697 1464 te
725 1408 900 1481 convertis,
934 1409 1051 1490 quibus
1075 1423 1167 1492 petu-

140 1502 240 1561 lanter
262 1501 343 1560 niteo
363 1503 478 1578 uteris,
508 1502 592 1565 utin
617 1525 726 1566 omnes
752 1506 843 1569 simul
860 1510 1034 1572 Gennauiae
1054 1511 1166 1572 doctos

141 1601 271 1681 jaculari
299 1623 335 1662 ea
361 1625 424 1663 nou
450 1604 586 1667 dubites.
631 1605 710 1686 Quis
731 1618 778 1666 est
800 1606 850 1668 hic
875 1608 974 1682 enim,
1001 1610 1055 1694 qui
1074 1611 1114 1673 ad
1131 1632 1166 1673 se

140 1723 206 1763 non
223 1701 309 1763 diem
325 1703 484 1781 pertinere
499 1706 575 1780 hoc,
597 1706 685 1788 quod
698 1707 825 1783 scribis,
843 1719 998 1789 palpones
1013 1714 1167 1792 quosdam

141 1812 237 1867 solem
263 1812 345 1867 hanc
371 1831 481 1882 snam,
517 1832 607 1869 snum
634 1827 871 1886 ornamentum,
900 1837 1049 1893 suumque
1074 1821 1167 1877 decas

143 1913 307 1985 adpellare
330 1914 468 1968 solitos?
502 1907 544 1967 At
568 1927 643 1980 uos,
678 1929 740 1990 ego
771 1908 864 1985 dieo,
896 1920 1016 1972 tantum
1043 1932 1167 1992 semper

141 2003 280 2066 abfuisse
301 2004 340 2063 ab
354 2004 547 2067 mutationis
566 2006 688 2083 studio,
716 2021 867 2091 qnantum
883 2022 917 2072 tu
935 2012 974 2073 ab
991 2011 1077 2076 omni
1092 2034 1167 2094 pro·

142 2105 255 2178 bitere,
285 2105 324 2164 ab
345 2105 430 2165 omui
450 2107 616 2168 derelictus
641 2128 675 2169 es
693 2107 889 2192 integritate,
922 2122 1166 2197 constanterque

143 2206 289 2267 adserere
308 2214 411 2268 nmen
426 2207 492 2278 ‚hoo
511 2227 655 2271 nostrum
673 2228 876 2294 nostramque
892 2221 1050 2295 pieriam,
1069 2225 1166 2298 teque

145 2305 217 2368 odio
234 2326 360 2384 semper
380 2317 523 2368 extremo
545 2308 724 2386 habituros,
748 2313 803 2395 qui
820 2313 912 2380 nobis
932 2315 996 2374 hsce
1013 2313 1166 2390 invideas,

116 2458 119 2469 .
146 2407 310 2489 aliquando
338 2405 430 2467 etiam
454 2408 598 2470 dolorem
626 2412 711 2473 hunc
738 2414 881 2487 ulturos,
916 2411 943 2472 si
970 2433 1037 2473 non
1066 2411 1166 2487 aliter,

147 2507 264 2589 scriptis
283 2518 371 2566 certe
392 2508 475 2568 hniid
498 2519 529 2570 te
548 2508 695 2593 indignis.
745 2514 813 2575 Jam
838 2513 902 2575 hoec
926 2510 1058 2594 insignis
1081 2512 1167 2576 enim

147 2607 257 2689 injuria
272 2620 373 2682 esset,
395 2612 449 2683 qni
467 2611 501 2664 in
519 2613 791 2671 maledictionibus
808 2616 1010 2682 seminasset,
1042 2616 1075 2670 in
1093 2631 1166 2668 tna.

147 2715 363 2773 ledictionidns
381 2734 448 2770 eum
464 2734 529 2769 non
546 2723 674 2783 metere,
693 2706 852 2768 hominem
864 2706 1036 2786 praesertim
1048 2704 1164 2768 nullius

148 2811 233 2872 borne
252 2809 375 2889 frugis,
406 2819 437 2868 et
459 2805 551 2882 cuius
572 2808 654 2866 nuda
676 2827 817 2888 unquam
835 2807 963 2890 cognita
985 2816 1032 2868 est
1052 2804 1165 2883 virtus,

148 2915 227 2975 unde
256 2914 309 2972 vel
334 2909 461 2972 minimo
493 2908 581 2970 istius
614 2905 741 2987 generis
769 2906 869 2967 diluto
895 2906 989 2966 venia
1021 2904 1168 2989 irrogata

149 3011 279 3076 debeat?
306 3014 407 3092 Quam
425 3021 567 3091 putarem
586 3005 671 3069 euim
695 3007 914 3071 exsultandum
935 3005 1007 3079 tibi,
1039 3004 1066 3068 si
1087 3002 1167 3088 quid

148 3136 283 3199 unquam
317 3114 456 3175 dedisses
484 3123 518 3172 tu
552 3109 654 3183 boni,
692 3107 747 3190 qui
773 3116 892 3167 tantum
924 3103 958 3165 in
987 3103 1087 3185 prima
1109 3106 1167 3168 hac

147 3215 256 3278 tatum
279 3218 352 3277 niati
379 3214 453 3277 dare
477 3207 542 3272 noir
571 3211 758 3292 dedignatus
781 3204 856 3267 est?
886 3203 1028 3267 Proinde
1054 3203 1095 3267 ad
1115 3225 1166 3268 me

149 3318 232 3399 quod
252 3317 388 3397 pertinet
409 3318 493 3392 (nam
508 3313 640 3375 aliorum
658 3305 789 3374 consilia
806 3306 890 3369 haud
904 3307 981 3369 dum
997 3303 1167 3388 perdidici)

149 3418 217 3498 quia
234 3416 347 3480 scribis
371 3416 402 3477 in
426 3418 475 3477 itta
499 3424 739 3478 inaledictornm
761 3429 888 3474 tuorum
900 3417 1084 3492 farraqine
1094 3438 1110 3481 ;
1138 3417 1168 3472 si

146 3529 213 3600 qais
229 3529 394 3582 mentitum
412 3534 458 3593 te,
481 3534 619 3582 autnon
639 3523 809 3578 admodum
832 3519 1015 3578 Christiane
1031 3518 1168 3573 locutum

145 3627 372 3698 deprehendat,
392 3635 420 3680 et
439 3645 533 3696 saper
548 3627 606 3680 hoc
624 3631 766 3690 moneat,
781 3627 936 3693 paratum
953 3627 982 3673 te
999 3625 1168 3675 recantare

144 3731 278 3791 statim;
307 3719 489 3801 priusquam
515 3717 546 3779 in
566 3729 614 3792 te,
650 3715 763 3798 (quod
784 3713 927 3775 futurum
952 3710 1072 3793 alioqui
1091 3730 1168 3791 prae·

139 3821 236 3894 nico)
266 3819 400 3895 irruam,
427 3840 562 3892 moneo,
590 3840 660 3900 qun
680 3815 725 3878 sic
747 3812 863 3893 cupide
885 3809 1075 3883 evomuisti,
1102 3828 1170 3871 non

146 3919 260 3983 invitus
295 3939 428 4002 quoque
465 3930 500 3981 ut
531 3917 695 3980 remandas
725 3913 879 3995 primum,
915 3933 952 3975 ac
978 3912 1068 3972 istam
1098 3909 1170 3975 orbi

144 4020 297 4103 impuram
324 4030 408 4082 tuam
435 4019 665 4081 contiunculam
694 4026 859 4078 recantes:
896 4012 1012 4074 deiude
1043 4010 1083 4073 ab
1118 4030 1170 4084 eo,

143 4142 238 4203 quiem
260 4123 462 4184 isuioeeuteru
485 4119 650 4191 addixisti,
678 4117 816 4178 nectale
838 4114 914 4197 quid
931 4114 1078 4175 meritum
1094 4132 1171 4173 eon-

142 4233 264 4303 temptu
296 4221 414 4303 pariter
443 4232 476 4282 et
511 4217 700 4283 contumelia
726 4215 918 4299 perfudisti,
961 4212 1086 4276 veniam
1113 4203 1173 4273 tihi
