2632 5086
194 766 198 772 .
299 711 469 809 praetatio
497 712 543 785 ad
567 713 756 786 aibertum
781 713 839 787 Pr.
873 740 902 777 .·
947 736 955 786 a
1011 722 1082 791 333

51 915 168 968 eonatn
191 900 394 986 Pompeianis
414 904 522 969 sensere
543 903 577 967 in
601 904 729 970 historia
748 907 913 987 partibus:
941 908 1082 991 n'utiique

52 1005 123 1068 illos
161 1025 306 1081 errasse,
353 1004 513 1081 dicemus,
552 1005 675 1068 nobiles
708 1006 880 1071 Gaditanos
913 1007 970 1092 qui
999 1029 1080 1083 non,

54 1118 89 1168 ut
123 1109 257 1168 maxime
287 1107 453 1169 florentem
486 1117 562 1169 tuno
593 1108 725 1168 Romam
756 1109 920 1183 viderent,
959 1110 1016 1172 sed
1047 1122 1083 1172 ut

55 1212 96 1268 T.
115 1214 241 1268 Livium
260 1209 359 1269 lacteo
380 1207 568 1290 eloquentiae
588 1207 677 1269 ionte
696 1220 888 1284 manantem,
903 1219 949 1271 snt
965 1217 1082 1298 Hiero.

55 1328 171 1382 aymam
202 1308 329 1391 inquit,
368 1321 627 1389 cognoscerent,
673 1321 759 1370 tanto
794 1310 938 1390 perfecto
970 1310 1083 1373 itinere

58 1409 193 1469 Romani
212 1420 386 1471 venerunt:
413 1430 449 1471 ac
470 1409 622 1492 quosdam
641 1409 723 1470 haisti
744 1421 980 1473 contemnemus
995 1423 1083 1474 recta

57 1509 169 1570 doctos
190 1508 295 1584 viros,
317 1509 372 1591 qui
391 1511 458 1572 ausi
478 1520 551 1572 sitiit
570 1513 608 1570 ita
627 1509 761 1585 sentire,
781 1513 882 1590 ipsum
903 1520 1084 1575 Ciceronem

56 1607 217 1670 historiam
253 1608 392 1670 scribere
429 1609 455 1672 si
489 1609 664 1683 volnisset,
709 1621 791 1670 tanta
829 1611 984 1693 elegantia
1017 1634 1083 1674 non

56 1707 210 1788 potuisse.
258 1710 348 1791 Ergo
373 1709 414 1770 ita
438 1712 611 1771 honoratus
635 1719 682 1770 est
701 1718 830 1782 Larus,
858 1722 894 1771 ut
914 1722 962 1786 te,
992 1712 1085 1790 crajus

57 1808 118 1868 sub
145 1805 272 1870 nomine
302 1808 458 1888 divulgari
484 1810 631 1884 sustinet,
666 1809 764 1870 muto
784 1813 864 1873 uitus
892 1822 938 1872 est
964 1814 1025 1874 hoe
1049 1814 1084 1874 in

56 1928 178 1988 genere
212 1908 334 1984 honor,
374 1908 429 1991 qni
459 1910 671 1988 permaximus
702 1921 789 1972 certe
820 1921 885 1987 est,
927 1913 1085 1976 honestet.

59 2011 139 2070 Nam
164 2007 192 2070 si
216 2019 246 2071 te
271 2010 366 2086 nori,
400 2030 465 2072 non
494 2010 571 2072 tanti
599 2022 651 2072 aut
671 2009 979 2092 Archiepiscopaiem
1005 2012 1084 2082 iacis

58 2109 199 2184 mitram,
230 2120 281 2171 aut
306 2109 543 2173 Carriinatitinm
568 2111 697 2173 aestimas
726 2112 884 2189 galerum,
917 2124 952 2176 ut
976 2113 1085 2179 ornari

58 2228 224 2292 utramque
253 2210 437 2293 (lignitatem
466 2213 594 2295 ingenio
629 2233 665 2273 ac
696 2212 791 2274 literis
820 2234 934 2294 posse,
973 2237 1099 2299 aegeas

59 2310 145 2392 Quid
164 2311 261 2373 iacies
283 2311 384 2387 enim,
405 2312 439 2373 in
458 2320 553 2376 Livio
574 2325 700 2376 ornatus
720 2314 747 2375 si
766 2314 885 2389 fueris,
908 2336 980 2379 cum
1001 2334 1084 2381 tanta

58 2411 240 2491 profuderis
259 2410 339 2492 jam,
367 2432 455 2474 ame
474 2414 570 2475 semei
598 2425 650 2473 arat
672 2413 786 2477 iterum
813 2414 977 2479 laudatus?
1016 2416 1101 2483 nisi.

57 2513 141 2574 haud
161 2520 254 2573 Livio
278 2524 441 2594 acceptum
466 2513 553 2576 serre
579 2513 692 2589 (lebet,
725 2516 877 2599 quicquid
903 2527 966 2592 est,
994 2519 1085 2600 quoii

58 2624 130 2674 ante
151 2614 238 2675 ilium
257 2612 406 2694 praefatur
424 2614 554 2698 aliquis,
574 2635 625 2676 me
645 2614 835 2695 interprete,
862 2636 947 2679 nunc
966 2619 1102 2685 etenim:

58 2718 100 2777 ab
123 2714 237 2777 inieris
264 2715 329 2777 haec
354 2714 392 2775 ad
414 2722 451 2777 te
475 2735 542 2776 vox
567 2725 627 2777 est.
679 2715 801 2779 Verum
826 2718 973 2802 agnoscis
998 2738 1083 2795 ram,

59 2828 156 2900 atque
177 2815 274 2898 igitur
293 2813 376 2878 bene
391 2814 506 2891 *haben
534 2815 626 2877 sosas
646 2825 680 2876 tn
700 2813 822 2892 literas,
850 2828 882 2879 et
901 2819 1024 2884 ornaris
1043 2821 1084 2882 ab

59 2917 106 2979 his
126 2913 274 2978 vicissim.
313 2917 426 2979 Actum
447 2927 495 2978 est
512 2917 552 2978 de
572 2916 733 2989 barbarie,
753 2916 903 2981 hactenns
923 2920 1103 2984 viluerunt·

58 3018 180 3093 studia,
197 3008 320 3079 reditur
331 3017 370 3079 ad
382 3038 490 3080 veram
500 3019 726 3091 eruditionem,
742 3019 931 3080 excoluntur
944 3019 1084 3101 ingenia,
1098 3064 1102 3071 -

57 3120 127 3182 Jam
154 3118 211 3181 din
241 3129 310 3194 est,
345 3119 434 3201 quod
461 3120 574 3200 cupide
606 3130 728 3199 tempas
759 3128 920 3197 exspectat
945 3128 1082 3183 Livius:

58 3240 124 3302 quo
149 3238 235 3282 nunc
261 3218 399 3292 oborto,
432 3220 589 3303 gestiens,
624 3237 659 3280 ae
681 3217 783 3283 latitia
806 3219 925 3303 etipse
942 3219 1099 3285 fremens-

58 3340 94 3381 se
114 3321 220 3395 eiiert,
242 3319 385 3403 petitque
406 3319 544 3383 deitieari
561 3319 716 3394 maximo,
733 3320 845 3383 nonin
864 3321 950 3383 ltalia
969 3331 1082 3399 Leoni,

59 3418 121 3499 jam
140 3420 190 3483 iile
207 3428 355 3484 Tacitum
371 3421 479 3498 habet,
501 3421 582 3484 enim
600 3422 749 3503 praefante
767 3428 924 3485 Beroalsio
938 3430 1081 3501 saniori,

60 3519 156 3596 docto
176 3520 315 3601 inprimis
335 3523 478 3598 homino,
508 3523 565 3592 sed
584 3522 616 3582 in
634 3522 802 3583 Germania
821 3522 887 3584 tibi.
927 3524 1082 3607 ingerunt

60 3619 122 3680 hee
142 3618 184 3681 illi
203 3621 293 3683 bonae
309 3622 496 3686 eruditionis
518 3622 597 3698 viri,
630 3630 851 3706 Wolfqorrqus
868 3640 1033 3709 Aaqustus
1050 3632 1081 3684 et

62 3725 219 3782 Nicolaus
248 3728 462 3795 Carbaclrius,
497 3723 551 3806 qui
577 3723 791 3806 imprimendis
814 3730 896 3807 apud
915 3748 974 3789 nos
995 3725 1080 3788 tibris

63 3821 196 3882 eandem
227 3833 340 3884 navant
372 3843 519 3903 operam,
559 3846 652 3907 quiam
686 3837 759 3907 post
787 3835 906 3889 Aldam
935 3826 1080 3890 Venetiis

60 3921 213 4000 Egnatius
245 3925 354 3987 Rornae
389 3922 475 3985 docti
514 3925 662 4006 quidam,
707 3924 836 3989 Basileia
875 3933 1014 4001 Beatus,
1049 3937 1081 3987 et

59 4027 287 4099 Amorbaclzir',
306 4024 488 4108 Argentinre
508 4029 700 4100 Gerbedisso,
722 4026 806 4106 apud
825 4044 885 4087 nos
903 4025 964 4089 aiii.
1001 4026 1081 4090 Nam

58 4120 88 4181 hi
114 4121 282 4204 abreptum
311 4146 361 4187 me
383 4126 497 4187 nudius
528 4125 638 4187 tertius
666 4136 861 4203 coegerunt,
897 4132 1024 4188 Liviana
1046 4138 1081 4191 nt

57 4223 270 4287 adscriberem
291 4226 367 4302 tibi,
394 4247 477 4298 non,
509 4226 661 4308 quiahoc
682 4226 738 4305 ipsi
761 4249 825 4288 non
847 4239 991 4306 possent,
1023 4231 1079 4290 aeri

58 4323 133 4404 qiiia
162 4323 196 4388 in
222 4336 277 4386 tua
304 4328 366 4389 hoc
393 4329 462 4390 aula
489 4326 515 4387 si
541 4327 649 4401 fleret,
686 4327 896 4389 honorificimr
926 4327 982 4390 tibi
1010 4348 1079 4390 asse
