2632 5086
379 706 620 808 inspicientes
650 700 837 811 Dialogus.
1050 714 1123 793 62³

501 902 721 969 Pha‘e‘tlton·

180 1004 224 1070 At
246 1005 301 1068 lias
320 1001 365 1066 illi
382 1003 573 1069 osculantur.

575 1103 665 1168 sot.

180 1205 309 1283 Libere.

486 1304 603 1368 Pha'e'
615 1305 656 1368 th
669 1324 734 1368 on.

182 1409 223 1472 Et
241 1406 353 1469 blande
370 1407 632 1485 comulectuntnr.

565 1505 619 1567 So
634 1508 654 1568 l.

182 1605 361 1688 Quinetiam
379 1603 602 1670 condormiunt
621 1626 856 1692 nonnunquam.

505 1706 533 1766 Ρ
540 1708 612 1767 lrae'
618 1708 724 1781 thon.

181 1805 283 1886 igitur
300 1804 457 1868 Platonici
474 1816 565 1882 sunt,
586 1817 622 1867 ut
638 1826 821 1871 communes
837 1804 971 1870 habeant
984 1802 1125 1870 uxores?

572 1906 662 1970 Sol.

181 2003 225 2069 At
249 2024 314 2066 non
332 2006 448 2069 habent
467 2026 668 2080 communes,
700 2006 757 2069 sed
775 2006 870 2070 fidem
894 2014 1051 2069 ostentant
1068 2007 1127 2069 hac

108 2104 195 2166 inre
215 2126 312 2167 suam.
350 2108 464 2187 Neque
489 2105 558 2168 lere
578 2104 734 2168 custodita
758 2105 829 2166 alibi
848 2105 998 2186 pudicitia
1016 2103 1127 2168 mulie·

107 2226 176 2272 rum
203 2203 348 2268 illibatior
376 2217 442 2280 est,
472 2225 565 2289 quam
589 2204 638 2269 hie
657 2206 818 2287 neglecta,
847 2205 932 2267 etin
952 2199 1128 2289 periculum
1159 2214 1168 2223 '

105 2304 215 2381 missa,
243 2305 393 2367 adulteria
417 2326 496 2366 vero
527 2327 682 2388 nusquam
711 2305 830 2369 rariora
855 2314 945 2378 sunt,
972 2323 1133 2387 nusquam·

105 2406 284 2495 religiosius
308 2407 422 2470 colitur
440 2407 688 2481 matrimonium,
718 2416 750 2467 et
769 2404 904 2467 sanctius
925 2401 1070 2469 hebetum

507 2507 725 2569 Phaethon.

182 2604 270 2666 Dicis
296 2605 376 2664 ultra
402 2606 561 2680 osculum,
590 2617 621 2668 et
649 2604 810 2687 amplexus
835 2600 912 2668 nihil
941 2600 1049 2667 lacere
1067 2618 1126 2667 θοι

110 2702 365 2770 condormientes
385 2703 478 2773 etiam
502 2703 631 2766 noctu?

578 2803 668 2872 Sol.

183 2904 266 2974 Dico
286 2924 378 2973 vero.

508 3004 731 3069 Phaethon.

183 3106 298 3189 Neque
318 3106 477 3186 zelotypia
496 3106 568 3168 est?
593 3116 646 3169 aut
665 3100 782 3186 pudori
800 3120 867 3166 non
890 3110 1050 3178 mentunt,
1073 3105 1129 3185 qui

109 3208 226 3290 puellas
244 3228 316 3270 suas
334 3207 443 3268 vident
464 3205 503 3268 ab
525 3206 591 3269 aliis
616 3207 661 3268 sic
686 3202 822 3269 haberit

570 3306 663 3370 Sol.

186 3405 234 3467 Ne
263 3406 403 3487 suspicio
437 3405 566 3490 quidem
595 3417 663 3482 est,
697 3405 799 3467 fidunt
833 3403 918 3466 enim
950 3412 1130 3466 constanter

110 3512 242 3579 munio,
280 3516 312 3567 et
338 3509 458 3571 sincere
487 3516 731 3580 conversantur,
757 3523 794 3565 ac
811 3502 997 3580 liberaliter,
1016 3502 1130 3570 fraude

111 3617 215 3666 autem
234 3616 346 3668 vacant
364 3608 524 3682 homines,
545 3617 577 3668 et
599 3605 725 3668 insidias
746 3605 905 3687 ignorant.

509 3707 732 3770 Phaethon.

186 3805 216 3867 Ο
239 3815 366 3885 gentem
392 3803 520 3869 minime
538 3807 664 3870 mnam!
686 3817 717 3868 at
735 3806 804 3869 ittor
829 3803 939 3869 videas
966 3822 1130 3886 nunqnam

110 3903 229 3967 invidia
248 3917 393 3969 vacantes
409 3907 522 3981 italos,
544 3927 690 3987 parcere,
709 3926 845 3988 cupere,
866 3925 1025 3988 querere,
1044 3903 1131 3967 iran-

111 4006 204 4082 dare,
234 4006 363 4070 insidias
386 4005 596 4082 comminisci,
624 4007 700 4070 odio
732 4017 765 4068 et
787 4005 942 4068 simultate
970 4006 1130 4069 conficere

112 4107 319 4184 seinvicem,
349 4109 427 4172 sicas
452 4108 636 4183 immittere,
666 4126 787 4170 venena
808 4104 996 4188 propinare,
1027 4124 1130 4187 usque

112 4206 219 4271 dolum
235 4209 393 4284 meditari,
408 4230 510 4293 usquo
522 4208 663 4272 fraudem
675 4205 835 4281 admoliri,
848 4226 958 4270 eorum
974 4205 1132 4268 neminem

113 4307 229 4387 fidere,
247 4322 355 4389 aperte
373 4310 469 4393 agere
483 4308 658 4386 neminem,
678 4306 734 4393 qui
745 4309 861 4395 pallent
877 4306 950 4371 hinc
962 4318 1055 4390 puto.
