2632 5086
149 800 219 869 att
433 790 495 867 De
519 794 672 895 Guajaei
697 790 880 868 medicina

146 982 232 1047 enda
262 982 314 1047 hie
340 1000 410 1050 utu.
454 984 547 1048 Nune
578 987 619 1050 de
646 1006 686 1050 eo
713 987 800 1049 unde
828 987 929 1051 emnia
954 985 1047 1050 dieta
1072 990 1170 1073 liujus

144 1083 227 1152 ratio
245 1085 422 1164 dependet,
453 1087 555 1151 victua
574 1087 693 1150 scilieet
710 1084 882 1164 tenuitate,
907 1097 941 1148 et
958 1086 1065 1153 inedia
1089 1110 1170 1179 que-

143 1185 347 1252 madmodum
364 1189 603 1252 emacerandum
621 1187 661 1252 sit
680 1206 808 1273 corpus.

573 1415 740 1433 m

521 1577 632 1643 clear
670 1577 780 1642 xvn.

192 1727 253 1800 De
284 1725 402 1802 victua
434 1724 612 1800 tenuitate
638 1736 676 1798 et
701 1725 797 1799 lame
822 1725 872 1801 ibi
897 1727 1113 1802 necessaria

209 1895 251 1957 Et
263 1896 304 1960 de
320 1895 422 1960 vietus
439 1896 567 1979 quidem
582 1892 772 1975 exiguitate,
793 1915 829 1956 ae
843 1889 1059 1958 subtrahendis
1076 1917 1162 1977 aegre

142 1994 237 2070 cibis,
258 2007 290 2056 et
308 1995 488 2058 indueenda
507 1994 605 2070 lame,
632 2015 823 2078 quamquam
842 1995 959 2059 dietum
979 2008 1046 2059 erat
1063 1996 1163 2076 priua,

140 2106 247 2159 tamen
259 2094 459 2177 peculiariter
472 2095 534 2156 hoe
550 2092 664 2155 iterum
677 2096 749 2157 loco
765 2096 996 2159 admonendum
1010 2095 1165 2159 (luximus-0

140 2196 217 2260 llon
236 2196 362 2281 quidem
382 2195 440 2258 alia
459 2194 526 2275 ejus
547 2192 619 2276 qula
638 2213 729 2257 eausa
748 2194 806 2272 sit,
830 2217 923 2279 quam
943 2197 1031 2281 qued
1050 2216 1164 2278 eorpus

141 2296 254 2384 quierit
277 2296 433 2361 medicina
458 2297 524 2359 hae
543 2294 752 2371 exinanitum,
772 2307 804 2356 et
825 2298 864 2358 ab
883 2297 970 2358 omni
988 2299 1164 2380 repletione

139 2399 292 2477 ffiherum,
325 2399 381 2463 eetl
408 2409 441 2463 ut
461 2397 644 2472 ostendam,
677 2398 810 2481 aliquem
837 2398 932 2460 luisse
960 2399 1054 2461 etiam
1083 2398 1164 2480 apud

140 2516 266 2567 veteres
296 2497 475 2580 hujusmodi
500 2497 630 2561 curandi
655 2518 756 2578 aegros
785 2499 934 2572 modum,
964 2515 1056 2580 etque
1084 2498 1165 2578 apud

139 2600 318 2665 Diodorum
337 2599 465 2683 quidem
482 2599 589 2680 legere
606 2611 672 2672 est,
691 2597 867 2681 Aegyptios
887 2599 938 2659 vel
953 2595 1094 2677 jejunio,
1114 2601 1166 2661 vel

138 2700 275 2774 vomitu,
290 2718 393 2781 agree
411 2717 484 2762 suos
500 2719 620 2762 curare.
649 2701 802 2763 Asaerunt
817 2699 918 2775 enim,
935 2719 968 2761 ut
983 2698 1087 2782 inquit
1100 2699 1163 2770 ille,

139 2818 183 2862 nx
209 2797 351 2862 ciborum
378 2799 589 2880 superfluitate
616 2799 757 2881 inprimis
783 2799 883 2863 creari
909 2799 1057 2875 morbos,
1095 2820 1164 2862 eam

140 2920 220 2984 ergo
245 2900 286 2963 ad
311 2898 521 2965 valetudinem
546 2920 651 2963 euram
679 2920 749 2962 etse
779 2900 947 2979 optimam,
981 2922 1048 2983 que
1079 2920 1164 2962 mor·

138 3000 253 3066 borum
280 3001 435 3086 principia
454 3001 583 3066 auferat.
621 3001 762 3064 Proinde
790 2999 934 3064 desinant
959 3000 1084 3083 quidam
1107 2999 1163 3062 im-

138 3102 304 3189 patientius
326 3106 406 3167 hane
425 3103 512 3166 terre
532 3103 657 3164 dietam.
695 3099 744 3162 Illi
762 3099 888 3183 inquam
907 3099 1003 3175 ebrii,
1032 3099 1076 3161 illi
1096 3120 1164 3163 era·

138 3208 217 3289 pule
244 3204 344 3270 dediti
371 3205 613 3286 intemperantes
639 3201 801 3276 homines,
837 3199 949 3284 quibua
975 3210 1008 3263 ut
1035 3199 1162 3263 Persian

139 3303 201 3378 ait,
231 3322 348 3366 summa
372 3303 451 3365 boni
478 3314 544 3377 est,
574 3316 664 3364 uncta
681 3300 799 3364 vixisse
819 3303 951 3382 patella,
979 3301 1090 3384 quibus
1111 3301 1163 3363 vel

140 3424 232 3468 unum
243 3403 313 3465 sine
327 3400 400 3463 cibo
417 3400 579 3464 semidiem
591 3401 701 3464 vivere
713 3400 929 3482 gravissimum
942 3417 1006 3477 est,
1027 3422 1160 3486 quorum

138 3517 173 3569 ut
184 3503 235 3568 ille
254 3502 316 3579 ait,
336 3502 424 3567 Deus
442 3515 639 3576 verterent,
659 3500 770 3585 quibua
789 3517 822 3564 et
839 3521 889 3564 art
908 3516 941 3564 et
960 3501 1025 3566 vita
1043 3503 1161 3585 sagina,

139 3603 393 3688 quandoquidem
411 3601 531 3670 tantillo
551 3600 677 3676 labore,
709 3615 795 3664 tanto
817 3601 948 3682 depulso
968 3604 1071 3679 malo,
1099 3619 1162 3668 tam

136 3703 251 3789 ingens
271 3702 453 3767 conciliatur
470 3701 598 3764 bonum.
636 3701 686 3763 Ae
703 3699 870 3782 perieulum
886 3703 929 3766 ibi
945 3702 1063 3784 jactare
1078 3701 1160 3767 deai-

137 3826 232 3883 nant,
259 3803 347 3888 quod
364 3824 406 3866 ex
429 3800 662 3878 imbecillitate,
692 3821 780 3885 quam
799 3801 1058 3881 induculam,
1078 3809 1162 3886 lpra-

139 3906 264 3980 veniat,
294 3902 381 3987 quasi
407 3903 461 3988 qui
487 3903 533 3967 eie
557 3913 677 3980 coenet,
716 3904 818 3984 poerit
842 3925 974 3990 unquam
1003 3905 1158 3982 deficere,

138 4002 460 4080 camminensem,
490 4005 568 4066 intra
591 4007 750 4087 septimum
776 4005 857 4070 diem
879 4004 982 4068 lnedia
1008 4009 1161 4068 neminem

139 4106 238 4181 morl,
271 4106 439 4189 pleraeque
465 4108 542 4169 ultra
568 4105 759 4168 undecimum
785 4124 913 4188 quoqpe
939 4105 1076 4167 duratae.
1114 4106 1158 4167 Et

139 4204 286 4268 Albertua
311 4205 444 4283 scribat,
476 4225 533 4269 sun
553 4221 694 4289 tempore
714 4206 746 4267 ln
765 4202 928 4266 Germania
947 4203 1041 4283 lulape
1061 4204 1161 4273 loenu·

138 4323 225 4382 mm,
251 4326 320 4389 que
339 4309 405 4370 sine
424 4306 498 4371 cibo
518 4307 584 4370 dies
604 4304 791 4389 quandoque
811 4304 919 4383 viginti
943 4317 1027 4368 totae
1045 4309 1159 4388 egerit,

138 4424 220 4488 sape
239 4409 328 4471 etiam
346 4408 479 4493 triginta.
526 4407 570 4471 m
586 4414 686 4471 nrum
703 4424 740 4467 te
757 4399 891 4483 vidue,
924 4403 977 4487 qui
999 4405 1065 4468 aine
1085 4407 1157 4473 cibo
