2632 5086
338 684 385 761 ad
413 685 604 760 Albertum
631 680 792 786 Princip.
815 686 878 763 lib.
1049 694 1122 775 328
1192 684 1199 713 “

90 898 202 964 pauca.
241 876 308 960 Oui
323 874 446 942 sanitati
463 877 585 956 studet,
599 889 718 961 quauta
730 880 771 943 sit
782 880 851 944 viui
860 884 1019 967 potentia,
1037 880 1124 947 Pau·

90 982 139 1045 lus
160 983 218 1056 ait,
239 979 363 1042 nescire
390 1000 457 1042 non
476 980 583 1043 debet.
620 978 710 1043 Idem
729 980 757 1043 ri
776 980 959 1065 quempiam
980 984 1124 1047 mordeat

90 1081 217 1157 vinum,
251 1079 397 1162 frigidam
419 1100 533 1164 aquam
556 1078 668 1144 bibere
692 1080 798 1143 debet.
836 1080 1050 1155 Posterodie
1066 1082 1123 1146 ab·

90 1181 196 1247 sinthii
223 1202 402 1244 cremorem
429 1200 577 1256 sumere,
605 1180 782 1257 ambulare,
808 1181 936 1262 fricari,
964 1185 1124 1247 lavacrum

90 1283 237 1366 ingredi,
267 1293 361 1366 atque
388 1280 523 1360 subinde
555 1281 675 1363 exiguo
707 1282 780 1345 cibo
808 1282 909 1347 refici.
954 1284 1122 1369 Fugieuda

90 1384 163 1447 rina
183 1399 215 1445 ct
240 1405 309 1465 qne
338 1394 440 1445 musta
466 1402 570 1464 nuper
598 1381 737 1446 Galenus
761 1382 823 1459 ait,
856 1394 890 1447 et
914 1406 984 1469 quac
1014 1396 1122 1448 vetera

89 1484 191 1547 nimis.
230 1484 306 1547 Herc
325 1484 408 1547 enim
427 1484 590 1564 superflue
610 1478 812 1559 calefaciunt,
837 1485 885 1548 illa
905 1486 1036 1549 omnino
1055 1506 1123 1551 non

89 1585 290 1663 calefaciunt,
318 1586 432 1647 Victus
446 1594 640 1659 extenuans,
655 1585 699 1646 ait
716 1585 853 1668 Paulus,
874 1586 915 1650 ad
934 1587 1051 1651 bonam
1069 1582 1124 1653 ua·

88 1685 261 1750 lctudinom
281 1688 451 1761 tuendam,
472 1685 571 1748 multo
589 1682 690 1747 tutior
708 1674 756 1748 cst
776 1705 838 1761 eo,
865 1685 922 1771 qui
942 1668 1124 1753 crassitudi-

87 1808 163 1850 nem
187 1787 318 1849 inducit.
356 1788 400 1848 At
419 1784 492 1871 quia
511 1786 663 1868 exiguum
682 1782 862 1849 alimentum
886 1787 1027 1868 prebet,
1047 1787 1124 1871 nibil

88 1887 142 1951 vel
159 1886 361 1953 linuitndinis
382 1887 434 1947 rel
454 1883 580 1948 roboris
601 1884 732 1967 corpori
748 1897 883 1969 prestat.
922 1891 1031 1969 erarr
1048 1900 1124 1975 post

89 1987 215 2051 subdit:
250 1988 367 2052 Media
387 1985 521 2051 materie
550 1981 695 2049 alimenta
713 1986 855 2050 omnium
874 1986 1124 2070 prestantiarim

89 2098 185 2163 suut,
207 2098 318 2171 utpote
336 2086 507 2151 mediocris
531 2084 712 2155 substantie
736 2085 924 2171 sauguinem
951 2110 1022 2172 que
1047 2110 1124 2171 pro·

89 2189 220 2253 ducunt.
258 2191 368 2273 Atque
387 2203 424 2253 ut
440 2186 662 2270 hujuscemodi
676 2186 782 2251 edulia
800 2187 992 2270 corporibus
1004 2188 1123 2255 uostris

86 2280 340 2355 commodissima
371 2300 468 2368 suut,
501 2287 544 2353 ita
573 2287 722 2353 vitiosum
757 2308 888 2352 succum
921 2280 1122 2371 generanda,

85 2392 223 2459 utaxime
242 2392 359 2470 noxia,
379 2409 569 2475 semperque
597 2388 761 2470 fugienda.
798 2389 875 2451 Haec
898 2388 1027 2453 Paulus.
1062 2378 1123 2455 At·

87 2512 151 2576 quc
165 2492 251 2554 idem
261 2492 371 2567 (beet,
394 2490 480 2553 omui
493 2492 554 2553 alio
569 2489 668 2572 magis
689 2492 774 2555 aiere
791 2509 906 2570 panem
925 2472 1117 2573 siligineum,

85 2592 246 2655 triticeum
275 2580 407 2654 difficilis
427 2612 497 2654 csse
517 2589 752 2666 concoctiouis‚
783 2600 817 2652 et
841 2590 972 2668 inflare,
1003 2572 1121 2667 borde-

88 2713 200 2754 aceum
221 2690 384 2754 imbecillis
403 2691 549 2755 alimenti.
588 2690 625 2753 ln
645 2702 747 2754 totum
765 2691 806 2754 dc
819 2690 908 2757 rictu
920 2676 1122 2776 cognoscere

90 2793 146 2876 qui
166 2793 273 2867 volet,
304 2792 390 2855 huuc
409 2792 496 2875 quod
523 2790 591 2854 dixi
619 2780 794 2871 legat'cum
815 2793 949 2865 Galeuo.
988 2793 1121 2857 Unctio-

87 2914 182 2967 num,
210 2892 294 2972 apud
314 2898 374 2956 nos
397 2893 526 2977 quidem
555 2892 637 2953 haud
661 2891 724 2954 tuit
744 2912 886 2977 unquam
910 2913 1006 2968 usus,
1033 2893 1120 2978 apud

86 2990 182 3058 ltalos
208 3013 287 3056 vero
309 3004 345 3056 ut
361 2992 444 3072 luit,
471 2994 514 3055 ita
532 2994 602 3057 lere
621 2992 653 3054 in
673 3003 774 3069 totum
794 2993 945 3057 exolevit.
982 2978 1119 3061 Frictib·

83 3116 158 3158 nem
191 3105 227 3156 ut
259 3093 336 3159 nibil
366 3104 514 3176 preterea
543 3094 744 3157 commendat
771 3092 932 3169 Galenus,
961 3094 1057 3157 multa
1084 3102 1119 3159 et

84 3197 217 3271 crebro,
239 3197 280 3257 de
300 3196 358 3258 hac
373 3195 516 3257 iterando
532 3194 709 3270 inculcans,
728 3194 903 3277 presertim
921 3193 955 3257 in
972 3194 1058 3259 libris
1075 3196 1118 3259 de

85 3297 201 3359 tuenda
220 3296 353 3358 sanitate
373 3297 428 3379 qui
443 3296 667 3359 inscribuntur.
707 3296 850 3359 Eandem
867 3313 987 3359 summe
1003 3294 1118 3359 extulit

85 3396 305 3476 Asclepiades,
325 3398 457 3459 multum
472 3398 700 3481 Hippocrates,
720 3392 814 3477 liujus
831 3406 879 3459 est
893 3394 986 3472 illud,
1006 3396 1116 3461 amul·

85 3495 123 3557 tis
148 3505 260 3575 postca
284 3495 471 3578 repetitum,
502 3497 652 3563 frictione
676 3498 845 3560 vehemens
872 3496 976 3575 sirit,
1006 3496 1117 3565 durari

85 3614 221 3674 corpus,
240 3596 373 3674 silenis,
394 3597 525 3675 molliri,
546 3598 697 3674 simults,
716 3597 833 3674 minui,
853 3596 881 3661 si
895 3599 1037 3674 modica,
1056 3598 1121 3665 i*-

84 3695 176 3776 pleri.
213 3697 282 3760 Hac
303 3696 447 3779 quotidie
466 3714 558 3761 utens
577 3700 638 3763 hoc
656 3710 800 3783 tempore
818 3718 909 3763 mane
928 3698 1113 3783 presertim,

85 3795 215 3879 quando
235 3800 253 3860 b
274 3799 357 3861 lecto
381 3798 484 3883 surgit
506 3799 557 3863 vir
582 3800 781 3866 doctissimus
802 3800 952 3865 Erasmus
971 3800 1114 3865 Rotero-

83 3896 192 3960 damus
216 3897 300 3963 tueri
326 3918 361 3962 se
389 3898 651 3978 incolumitatem,
683 3902 775 3967 valde
801 3900 962 3965 imbecillis
991 3894 1112 3985 alioqui

82 3999 244 4079 corporis,
267 4009 366 4081 putat.
403 4001 527 4087 Meque
542 4012 578 4065 ut
590 4000 667 4065 nihil
682 4012 834 4085 preterea
852 4000 973 4065 obnixe
988 4011 1112 4078 monet,

82 4111 118 4163 nt
136 4098 269 4176 faciam,
296 4121 332 4164 ac
357 4100 518 4166 studiosos
543 4113 696 4186 praterea
713 4123 834 4167 omnes.
871 4102 1000 4188 Sequor
1019 4100 1111 4191 amici

82 4200 282 4278 suasionem,
307 4213 339 4263 et
364 4201 580 4282 juvamentum
604 4203 718 4267 sentio.
757 4202 894 4285 Quidam
912 4202 1110 4273 interdicunt

82 4298 255 4372 bustiones
285 4321 322 4367 ac
347 4303 383 4379 in
407 4303 591 4368 uniuersum
617 4303 761 4383 balneet,
787 4322 906 4389 easque
932 4286 1108 4369 insalubres
