2632 5086
216 768 286 839 306
509 762 570 836 De
595 758 746 857 Guajaci
769 756 975 831 medicina-

216 974 373 1030 eornum,
413 963 466 1015 aut
492 955 671 1034 platanum,
705 948 811 1031 magni
829 948 925 1041 'apud
953 967 1065 1011 omnes
1088 945 1240 1010 beneficii

216 1056 346 1139 gratiam
367 1054 498 1129 imbuis,
527 1053 554 1115 si
573 1075 631 1133 per
648 1071 707 1114 vos
726 1050 778 1115 bie
796 1053 1024 1134 asiaequnmur,
1049 1051 1140 1133 qnod
1161 1050 1251 1113 atio·-

216 1157 273 1241 qni
292 1168 354 1218 tam
373 1157 469 1234 louge
488 1152 659 1234 petendum
678 1163 756 1215 erat.
790 1152 965 1234 Ii'lojusque
983 1152 1083 1213 multo
1102 1149 1164 1221 erit
1178 1151 1240 1213 hoe

213 1266 356 1321 rutrum
380 1254 550 1328 meritum,
579 1272 673 1336 quam
700 1250 729 1315 si
757 1251 891 1315 efficiant
909 1249 1053 1333 ruggeri
1083 1248 1176 1331 piper
1204 1259 1240 1312 ut

213 1354 324 1440 gigrrat
351 1356 417 1417 haec
451 1365 556 1429 terra,
595 1364 648 1415 aut
676 1350 908 1415 cinnamomum
935 1362 971 1415 ut
1000 1349 1051 1413 hic
1083 1362 1239 1412 nascatur.

214 1454 288 1537 lpse
312 1465 349 1517 ut
371 1454 573 1535 cupidissime
596 1454 658 1515 hoe
687 1452 822 1515 duobis
835 1456 848 1526 ,'
873 1453 902 1515 si
926 1470 1067 1535 unquam
1087 1449 1238 1513 dederitis

215 1556 379 1637 accipiam,
407 1555 448 1616 ita
467 1555 649 1636 priusquam
664 1551 831 1628 dederitis,
851 1550 928 1614 nihil
945 1551 1073 1612 credam
1091 1550 1125 1611 in
1146 1551 1237 1611 vobis

214 1660 275 1719 tide
302 1677 389 1727 esse,
423 1675 463 1715 ue
490 1653 626 1733 sperabo
651 1653 797 1735 quidem,
823 1672 906 1732 saepe
930 1649 993 1732 jam
1013 1648 1131 1717 frustra
1150 1650 1238 1713 hiare

213 1753 319 1838 jussus
329 1800 339 1830 ,
365 1755 435 1817 illos
455 1764 625 1839 expectare
644 1773 759 1817 aurcos
778 1764 931 1816 montes..

594 2140 706 2227 Curur
744 2162 838 2226 XXI.

215 2316 438 2414 Quomodo,
474 2296 614 2392 ventris
638 2315 892 2415 incuratione
925 2318 1018 2407 hac,
1054 2315 1237 2391 rationem

537 2458 675 2528 habere
707 2454 914 2527 conveniat.
997 2508 1002 2517 .

290 2648 378 2709 Toto
395 2646 566 2709 curationis
579 2659 723 2727 tempore
742 2667 854 2726 parum
867 2645 971 2708 reddit
990 2657 1119 2722 venter,
1139 2646 1237 2730 idque

213 2756 246 2809 et
264 2760 348 2829 aegre
367 2757 399 2808 et
418 2744 553 2824 durum,
583 2764 648 2810 non
675 2758 736 2809 taut
755 2747 830 2829 quia
855 2767 965 2827 parum
991 2745 1113 2822 editur,
1144 2769 1238 2830 quarn

212 2857 344 2927 propter
362 2846 579 2919 medicamenti
598 2846 682 2921 sim,
711 2868 780 2928 qum
802 2846 883 2909 inest
907 2845 949 2906 idi
969 2846 1185 2922 eniceatoria,¹
1206 2859 1238 2909 et

212 2945 380 3009 astrictiva.
419 2951 616 3031 Quamquam
635 2947 804 3021 audierim,
829 2967 896 3008 non
912 2946 1071 3028 scqrraliter
1090 2947 1237 3009 omnibus

211 3045 362 3110 accidisse
383 3049 455 3110 hoc.
495 3049 657 3128 Quosdam
679 3047 762 3109 enirn
783 3046 891 3107 dicunt
912 3046 1014 3109 statim
1035 3051 1052 3107 a
1069 3046 1236 3129 principio,

210 3146 329 3230 liquida
347 3147 446 3210 fuisse
465 3149 553 3223 alvo,
574 3146 728 3231 quosdam
747 3157 904 3225 perpetuo
923 3145 1026 3207 ctiam.
1065 3149 1162 3227 Quod
1180 3149 1238 3210 mi-

211 3251 302 3313 rabar
319 3261 424 3324 certe,
451 3269 524 3311 eum
539 3248 622 3310 ‘mihi
644 3246 851 3329 qurudraginta
869 3246 936 3307 dies
956 3245 1060 3326 ipsos,
1082 3268 1123 3309 ne
1141 3251 1239 3311 semel

212 3349 360 3432 quidem,
390 3346 451 3410 nisi
479 3358 588 3409 coacte
610 3345 814 3410 transmiserit
843 3345 958 3408 eibum.
997 3348 1109 3408 Potest
1132 3360 1238 3411 autern

210 3447 367 3510 contineri
388 3458 641 3521 excrementum,
659 3459 694 3508 ut
714 3446 748 3507 in
766 3449 824 3508 hac
842 3447 948 3521 diaets,
969 3446 1002 3507 in
1020 3446 1164 3529 quintum
1184 3460 1239 3511 aut

210 3559 336 3613 textum
355 3549 456 3622 diem,
482 3549 552 3609 siue
578 3547 731 3628 periendo.
777 3547 903 3611 Deinde
929 3546 1071 3610 diruatura
1092 3548 1236 3629 Guajaei,

211 3642 245 3712 in
270 3671 353 3733 aqna
374 3649 505 3711 decocta
531 3646 649 3709 bibitur
674 3647 845 3709 semiuncia
870 3648 905 3711 in
928 3669 1054 3711 aurora.
1093 3642 1190 3731 Quod
1209 3649 1237 3713 si

103 3764 113 3782 ‘
210 3751 313 3833 primo
342 3747 419 3811 nihil
448 3748 605 3822 moverit,
646 3748 740 3809 datur
768 3748 914 3830 sequenti
943 3749 1057 3812 iterum
1082 3749 1152 3825 die,
1183 3761 1238 3811 arat

211 3850 326 3935 tertio,
342 3847 369 3910 si
381 3869 422 3909 ne
434 3847 480 3910 sie
495 3847 624 3931 quidem
636 3849 852 3928 responderit,
868 3862 935 3914 tum
951 3849 1147 3914 iniuudenda
1162 3851 1237 3912 sub·

212 3961 262 4013 tus
280 3948 444 4026 clysterio,
465 3959 517 4025 aut
534 3947 654 4023 balani,
674 3970 748 4011 eum
761 3949 796 4031 ju
813 3972 905 4013 usum
921 3953 1057 4032 apparati
1070 3953 1238 4030 imponun-

210 4054 278 4122 tur,
297 4068 370 4109 nam
388 4048 507 4110 ducere
528 4047 657 4110 omnino
674 4062 817 4112 ventrem
832 4062 970 4130 oportet.
1007 4053 1110 4129 (istem
1122 4053 1146 4114 si
1165 4055 1237 4141 quis

208 4149 313 4213 Uettio
333 4160 428 4228 potu,
452 4153 610 4213 autetiam
631 4152 715 4212 victu
722 4151 847 4225 seirat,
865 4150 938 4211 nihil
954 4168 1076 4212 errasse
1094 4152 1237 4214 eredide-

208 4238 267 4311 rim
287 4250 395 4325 valde,
423 4252 500 4313 dum
518 4271 561 4314 ne
581 4252 747 4334 plusquam
762 4251 860 4312 semel
873 4251 936 4311 hoe
951 4251 1125 4332 contingat,
1146 4263 1177 4312 ct
1193 4274 1235 4315 eo

208 4370 298 4415 marre
327 4371 396 4414 nen
418 4351 590 4431 bibatur&
616 4348 783 4427 Gnojaco„
816 4348 948 4411 Vomitu
973 4349 1142 4412 levandum
1168 4373 1235 4445 aron
