2632 5086
225 799 299 875 204
418 798 475 875 td
497 797 640 871 Eraam.
664 787 843 869 Roterod.
868 789 1043 890 Epistola.

224 987 455 1066 intercedente,
483 1009 644 1062 cesseram,
670 985 697 1050 si
715 986 749 1047 vi
768 985 920 1066 capienda
940 983 1134 1059 Statqardia
1152 991 1248 1058 esset,

225 1088 259 1155 iu
281 1090 425 1153 exercitu
453 1102 488 1152 ut
515 1091 782 1170 proclamaretur,
808 1095 981 1166 Caprrionr's
1012 1093 1184 1149 Penatibus
1210 1111 1250 1149 ne

225 1199 296 1281 puis
312 1207 445 1255 noceret.
482 1191 575 1263 Hoc,
603 1187 720 1260 nescis,
747 1198 898 1270 qrranturn
917 1186 968 1248 ille
989 1188 1021 1248 el
1039 1188 1132 1268 quale
1151 1185 1248 1245 benc·

224 1291 330 1356 ficium
345 1292 586 1371 interpretetur:
613 1309 712 1371 quum
726 1306 789 1369 ego
806 1284 952 1348 conscius
970 1285 1043 1348 mihi
1059 1287 1133 1360 sim,
1156 1285 1249 1348 officii

224 1390 420 1467 usitasse,
448 1402 483 1453 ut
502 1390 661 1463 viderem,
690 1384 827 1470 nequid
849 1398 1009 1467 pateretur
1029 1408 1063 1449 se
1083 1387 1248 1468 iudignum

224 1490 276 1556 vir
297 1488 495 1555 doctissimus
518 1501 614 1573 atque
636 1488 783 1567 optimus.
821 1488 984 1568 Precipue
1002 1509 1043 1549 eo
1062 1488 1095 1549 iu
1116 1488 1248 1570 negotio

222 1590 471 1673 magnitudinem
494 1609 583 1653 sitam
616 1587 754 1668 ostendit
780 1598 989 1657 Prarrcr'scnss
1021 1588 1089 1662 vir,
1123 1591 1248 1671 qualem

221 1711 289 1755 uon
308 1691 364 1753 diu
383 1691 492 1752 habuit
518 1689 704 1761 Germaniam
729 1698 761 1751 et
780 1688 836 1770 qui
856 1701 1013 1763 merctur,
1040 1702 1074 1752 ut
1094 1710 1167 1752 euru
1185 1692 1248 1755 tuis

224 1811 355 1875 quoque
375 1791 473 1855 literis
489 1788 665 1871 posteritati
683 1789 895 1851 commendes.
934 1789 1016 1853 Mihi
1031 1790 1158 1874 quidem
1168 1813 1247 1872 spes

222 1901 288 1966 en,
315 1911 459 1967 maguam
479 1892 541 1953 hoe
569 1910 611 1953 ex
631 1888 702 1949 viro
729 1888 854 1950 laudern
880 1910 1076 1954 accessuram
1098 1891 1172 1953 hnic
1193 1915 1247 1956 ua·

223 1991 316 2053 tioni.
354 1992 438 2053 ttiuit
462 1990 494 2052 in
516 1989 653 2073 antiquis
675 1987 881 2062 admiramur,
910 1992 999 2072 quod
1018 2013 1083 2053 nou
1105 1991 1248 2056 studiose

222 2089 361 2155 imitetur
390 2090 452 2152 ille.
500 2091 600 2171 Viget
627 2089 661 2152 in
686 2089 814 2152 homine
840 2090 1029 2166 consilium,
1064 2092 1152 2174 riget
1181 2094 1247 2154 elo·

223 2190 368 2276 quentia,
390 2190 530 2254 alacriter
555 2190 660 2255 omnia
675 2189 875 2273 adgreditur,
904 2191 1057 2255 industria
1079 2205 1145 2268 est,
1170 2214 1246 2276 qua-

221 2292 284 2355 lern
303 2291 336 2354 iu
354 2313 476 2355 suunuo
498 2293 580 2355 (luce
601 2310 732 2374 queres.
770 2291 854 2353 Nilril
877 2289 1035 2357 humiliter
1051 2293 1142 2366 dicit3
1172 2293 1247 2357 nihil

221 2391 307 2457 taen.
355 2393 444 2457 Deus
475 2391 620 2474 Optimus
644 2390 804 2454 Maximus
835 2389 999 2455 fortissimi
1026 2392 1088 2455 viri
1116 2407 1246 2457 conatus

222 2491 363 2574 adjuvet.
400 2494 531 2556 Mecum
552 2493 619 2574 ipse
650 2499 844 2570 caperonem
865 2492 988 2556 adfatus
1015 2506 1063 2558 est
1092 2516 1247 2580 perquam

220 2593 432 2669 familiariter,
453 2593 507 2676 qui
525 2615 584 2656 uos
601 2593 764 2655 salutando
784 2604 961 2679 Flaqellnm
980 2605 1042 2661 Der¹
1062 2596 1248 2676 adpeltabar.

220 2691 435 2776 Promisitque
453 2703 647 2759 Franciscus
666 2713 759 2772 opem
771 2694 864 2756 nobis
876 2715 1002 2758 onrnem
1021 2717 1119 2758 suam.
1160 2697 1247 2778 Quid

221 2790 340 2855 multa?
379 2791 549 2873 Intelligis,
583 2796 676 2880 quale
701 2793 794 2854 nohis
820 2817 861 2858 ex
891 2795 944 2857 illo
975 2795 1154 2880 praesidium
1175 2817 1246 2860 esse

220 2903 341 2973 possit:
364 2892 505 2972 inprimis
525 2905 715 2977 Capnionem
734 2873 800 2958 no'n
823 2895 957 2977 patietur
982 2896 1131 2978 opprimi.
1169 2898 1248 2961 Haee

221 3012 334 3075 magua
354 2993 447 3055 uobis
471 2995 586 3061 fiducia
605 3009 686 3060 esto.
724 2999 804 3061 Vale
822 2996 962 3080 mihique
979 2996 1124 3062 ocissime
1140 2998 1245 3062 scribe

220 3092 376 3156 derebus
396 3095 622 3162 corrrmuuibus·
641 3098 782 3180 copiose.
822 3098 908 3179 Quid
935 3100 1018 3161 euim
1038 3098 1153 3163 breves
1177 3113 1245 3163 tuas

220 3194 367 3274 epistolas
393 3193 469 3257 mihi
497 3194 639 3277 objicis?
676 3198 795 3263 lterum
818 3202 898 3261 vale.
936 3210 1118 3284 Moquruiae
1141 3201 1245 3266 Nouis

220 3290 310 3357 ,lunii
339 3293 389 3356 M.
408 3295 450 3358 D.
471 3296 564 3360 xlx.
