2632 5086
400 746 448 818 ad
470 743 661 818 Albertum
686 700 845 840 Princip.
871 740 931 816 lib.
1099 749 1169 831 209

142 955 228 1005 terea
248 938 348 1002 lanies
369 936 505 1022 ingruit,
532 937 598 1000 aliis
619 945 837 1018 postratum
858 933 960 999 statim
981 933 1085 1013 (liam,
1107 944 1172 1017 ego

140 1044 181 1104 ad
202 1041 359 1102 decirnnm
376 1059 480 1123 usque
501 1036 578 1101 nihil
595 1056 694 1121 grave
707 1036 788 1099 tuli..
813 1035 949 1099 Unicum
963 1036 1008 1099 ibi
1025 1022 1172 1099 solatium

140 1155 207 1218 est,
230 1162 296 1203 non
319 1139 427 1202 videre
446 1139 594 1222 edentes,
625 1160 691 1201 non
710 1139 819 1201 videre
845 1139 950 1215 eibos,
979 1149 1010 1200 et
1026 1137 1174 1199 nidorem

140 1266 207 1311 rum
226 1242 355 1304 sentire.
394 1241 516 1304 Tamen
533 1241 591 1304 ubi
605 1241 743 1304 delicere
761 1239 822 1302 sibi
838 1238 995 1323 quispiam
1011 1236 1173 1301 ridebitur

141 1367 199 1427 per
214 1343 368 1417 inediam,
388 1342 554 1405 subtractis
569 1340 699 1421 corpori
710 1341 880 1414 alimentis,
902 1338 959 1423 qui
973 1337 1173 1412 corroboret,

142 1457 195 1508 aut
214 1444 298 1506 vires
319 1443 464 1517 redueat,
487 1443 560 1505 cibo
584 1442 713 1525 quidem
736 1460 868 1505 usurum
889 1441 973 1503 band
990 1440 1095 1502 statim
1116 1458 1173 1499 ve-

141 1547 215 1620 lim,
242 1565 302 1605 nec
330 1543 534 1606 condimento
564 1544 714 1619 exotico,
747 1544 805 1606 sed
830 1540 1009 1605 forinsecus
1039 1540 1174 1603 admotis

142 1645 333 1728 protundum,
354 1643 546 1725 spirantibus
564 1644 799 1720 odoramentis,
818 1645 1020 1724 languentem
1035 1641 1175 1703 excitare

143 1747 297 1835 spiritum.
337 1744 491 1806 Nimirum
512 1745 614 1807 odore
633 1756 722 1826 putat
747 1746 906 1819 Galenus,
925 1742 1071 1823 spiritum
1096 1741 1175 1805 sita·

143 1853 203 1910 lem
228 1857 261 1911 st
287 1844 451 1907 animalem
476 1845 617 1919 nutriri,¹
645 1857 739 1928 atque
761 1844 878 1909 foveri.
926 1842 989 1907 Ubi
1011 1853 1116 1904 tamen
1136 1852 1176 1903 ut

145 1947 301 2029 cuiusque
319 1946 383 2007 fert
400 1945 574 2020 habitudo,
596 1946 733 2009 ineunda
752 1944 833 2009 ratio
854 1955 923 2021 est,
953 1966 995 2008 ne
1013 1945 1123 2019 siccis,
1138 1950 1178 2007 et

145 2047 252 2109 calidis
268 2044 393 2121 similia,
414 2056 446 2107 et
467 2045 603 2107 humidis
621 2067 657 2108 ac
674 2046 815 2129 frigidis,
836 2057 888 2107 aut
906 2057 1078 2129 utrumqne
1097 2065 1176 2108 con·

145 2147 280 2221 ditatis,
306 2166 454 2208 consonae
478 2145 633 2228 qualitatis
655 2167 706 2209 res
729 2145 947 2208 adhibeantur.
985 2144 1058 2226 lpse
1081 2156 1117 2208 ut
1141 2144 1177 2208 in

146 2247 291 2309 omnibns
311 2246 478 2309 vernacula
500 2247 618 2329 magis,
641 2244 684 2309 ‘ut
705 2246 798 2308 nobis
824 2257 957 2329 cognata
983 2247 1107 2327 probo,
1133 2246 1178 2310 ita

143 2346 321 2429 Democriti
349 2348 516 2426 exemplo,
544 2344 601 2428 qui
628 2366 750 2431 vapore
774 2345 866 2411 calidi
890 2347 978 2428 panis
998 2345 1178 2428 lugientem

143 2448 205 2527 jani
229 2458 314 2508 totos
336 2457 400 2509 tres
427 2446 495 2509 dies
521 2446 661 2509 moratas
684 2457 731 2508 est
749 2445 913 2528 spiritum,
943 2456 997 2508 ant
1018 2446 1091 2523 illo,
1122 2457 1178 2509 arrt

144 2569 223 2628 cepe
251 2568 323 2611 asso
349 2549 484 2624 (namet
512 2546 555 2610 illi
575 2547 877 2631 ,quandaminesse
906 2544 1084 2611 istiusmodi
1111 2547 1195 2636 vim,

144 2646 301 2728 comperi)
322 2646 448 2708 admoto
468 2646 535 2722 ori,
563 2648 786 2729 languentibus
811 2646 1036 2711 adminiculum·
1053 2646 1178 2711 virium

145 2745 354 2829 quaerendum
374 2756 491 2828 putem.
531 2747 628 2830 Quod
643 2748 728 2811 idem
745 2750 813 2812 vini
832 2769 965 2836 qnoque
979 2751 1082 2813 odore
1094 2749 1178 2813 effici

147 2848 180 2907 in
215 2855 380 2926 comperto
403 2857 468 2910 est.
515 2849 703 2926 Namhoe,
746 2860 783 2912 ut
816 2852 902 2933 apud
932 2852 972 2932 Q.
1027 2848 1178 2915 Curtium

146 2945 259 3007 videre
284 2956 349 3020 est,
373 2958 551 3028 torpentem
573 2949 808 3027 Alexandrum,
841 2950 991 3013 excitarit
1011 2950 1178 3031 Philippus

145 3046 306 3119 medicus,
334 3042 467 3130 ejusque
486 3046 520 3110 in
537 3050 599 3111 hoc
621 3069 742 3133 gessere
759 3051 824 3113 vira
846 3070 887 3112 ex
913 3061 1060 3113 veterum
1079 3049 1179 3113 medi-

144 3163 256 3212 corum
277 3146 499 3212 traditionibus
522 3151 600 3212 nulli
623 3172 689 3212 raon
713 3149 857 3212 ridemus
878 3149 1032 3229 proferri.
1070 3152 1179 3215 Porro

144 3248 246 3311 modis
279 3249 448 3326 omnibus,
482 3250 594 3314 odoris
620 3250 772 3314 suavitate
802 3248 932 3315 alendus
964 3261 1012 3315 est
1035 3251 1176 3334 spiritus,

145 3332 234 3431 quint
260 3369 301 3411 ex
329 3350 393 3412 hoc
414 3348 480 3412 vita
502 3361 568 3427 est,
596 3351 804 3433 probatorio
826 3373 864 3415 ea
885 3372 940 3429 re,
968 3364 1041 3415 atrte
1061 3355 1178 3434 omnia,

146 3449 213 3509 vini
236 3449 341 3511 suavis
366 3449 489 3532 antiqui
512 3452 604 3514 odor.
643 3453 769 3515 Deinde
788 3453 886 3517 mellis
912 3453 1024 3530 ctiam,
1054 3455 1179 3521 rosacei

145 3548 292 3609 maxime.
335 3547 415 3611 Item
439 3552 615 3630 malorum,
647 3553 688 3616 de
715 3554 832 3638 quibus
858 3574 1020 3636 nunquam
1046 3577 1178 3619 monere

146 3668 198 3708 me
218 3648 358 3711 Strorner
375 3644 737 3732 desinit,'eompertnm
756 3653 816 3715 sibi
840 3653 969 3731 dicens,
998 3669 1115 3739 quanta
1133 3657 1176 3732 vi,

148 3752 242 3829 qrram
266 3761 478 3829 praesentaneo
501 3749 547 3812 ibi
573 3750 756 3833 juramento
780 3753 855 3814 sint.
901 3754 1038 3835 Quidam
1064 3778 1105 3818 ex
1130 3755 1178 3817 lais

146 3847 270 3927 persica
294 3848 479 3929 praeferunt,
519 3852 570 3913 alii
596 3864 744 3917 cotonea.
782 3852 1031 3921 Commendatur
1056 3867 1087 3918 et
1107 3876 1185 3917 aee«

145 3958 230 4022 turn,
250 3946 331 4012 rosis
350 3951 512 4014 conditum
531 3951 648 4036 magis,
668 3964 700 4016 et
724 3951 836 4035 sinapi.
876 3956 956 4017 Nam
977 3967 1009 4016 et
1026 3957 1091 4017 lroec
1106 3976 1177 4019 sen·

143 4068 199 4110 sus
221 4048 359 4128 afficere,
383 4072 420 4113 ac
439 4051 524 4113 vires
545 4065 722 4117 sustentare
740 4056 840 4134 ajunt.
878 4060 920 4121 At
941 4078 1021 4121 vero
1038 4058 1178 4137 einans

143 4159 247 4224 metm,
282 4171 398 4213 nucem
420 4152 583 4214 odoratam
607 4174 676 4237 qua
692 4167 839 4222 muscata
866 4158 985 4239 vulgo,
1012 4170 1177 4238 styracem,

146 4247 213 4310 citri
232 4249 391 4325 fructum,
413 4270 562 4329 crocum,
583 4257 827 4336 garyoplryllon,
849 4278 1012 4335 museum,
1031 4261 1178 4342 canpto·

147 4367 231 4417 ram,
266 4349 357 4439 etid
382 4370 484 4435 genus
509 4353 662 4437 impendii
686 4353 814 4436 majoris
842 4379 915 4435 res,
942 4359 1178 4423 delicatioribus
