2632 5086
200 802 272 897 d92
455 801 560 876 Trina
584 798 753 874 Romana
775 797 963 899 Dialogus.

630 992 802 1055 Hutten.

272 1095 428 1160 Omnium
453 1093 595 1174 gentium
615 1091 781 1169 homines,
818 1091 919 1156 omnis
939 1078 1067 1175 generis
1091 1106 1233 1175 moneta,

201 1206 235 1260 et
254 1195 395 1258 omnium
414 1194 592 1277 linguarum
612 1192 848 1257 commercium.

621 1311 648 1372 E
659 1332 675 1372 r
682 1331 702 1372 n
711 1310 731 1373 h
739 1331 759 1371 ο
768 1312 778 1372 l
786 1311 818 1372 d.

274 1411 390 1474 Pereat
412 1431 484 1474 cum
504 1411 681 1491 peregrinis
693 1409 761 1492 „iltis
785 1409 910 1489 potius,
930 1431 1003 1473 cum
1022 1422 1171 1489 moneta,
1201 1428 1235 1478 et

199 1510 317 1595 linguis
339 1509 488 1593 pestilens
510 1511 630 1587 Roma,
654 1530 749 1596 quam
768 1521 895 1574 nostros
917 1530 955 1572 ea
979 1511 1085 1577 m‘ores
1110 1514 1232 1579 diutius

202 1622 391 1694 corrumpat.

611 1729 802 1791 Hutten.
864 1788 866 1793 Α

276 1830 401 1894 Verum
427 1821 506 1891 utile
532 1834 580 1890 est
603 1829 666 1891 hoe
693 1826 845 1890 Romanis
872 1830 1128 1908 corruptissimos
1156 1853 1230 1896 esse

199 1930 251 1999 trie
269 1950 391 2004 mores,
407 1929 450 1991 ob
469 1928 567 2012 idque
587 1949 660 1990 eum
678 1926 737 1992 tria
752 1928 876 1991 infense
894 1929 972 1993 odio
986 1930 1097 1993 babeat
1110 1933 1229 1996 Roma:

199 2029 252 2113 jus
273 2040 474 2114 patronatus,
501 2028 590 2112 quod
608 2037 745 2102 vocant,
766 2028 897 2092 liberam
922 2032 959 2092 ad
980 2031 1177 2108 sacerdotia,
1199 2045 1230 2096 et

200 2133 402 2215 episcopatus
437 2128 646 2204 electionem,
683 2128 979 2212 Germanorumque
1015 2134 1229 2212 sobrietatem,

199 2231 328 2297 tertium
352 2233 414 2292 hoc
439 2228 649 2293 infensissima
675 2228 866 2305 detestatur,
897 2251 956 2292 nec
981 2232 1064 2295 seret
1083 2236 1228 2314 ulterius,

200 2330 376 2397 valedicto
397 2328 569 2409 probatura
594 2328 799 2405 ebrietatem,
833 2353 898 2413 quo
918 2351 958 2394 ne
982 2334 1039 2395 hos
1059 2336 1229 2400 sentiamus

199 2434 293 2498 indos
311 2429 422 2495 sobrii.
462 2430 541 2493 Nam
557 2431 613 2516 qui
628 2430 730 2493 minus
744 2429 873 2505 bibunt,
896 2433 927 2494 bi
946 2444 1054 2493 eontra
1072 2433 1229 2514 impuram

199 2537 280 2603 hano
299 2532 487 2618 voraginem¹
508 2530 659 2609 liberius,
687 2552 781 2614 quam
799 2533 847 2596 fas
869 2533 911 2596 illi
931 2543 1057 2616 putant,
1088 2538 1227 2619 loquun-

199 2644 269 2712 tur,
289 2634 457 2714 apatronis
476 2632 661 2695 arbitrantes
678 2632 820 2696 conferri
833 2646 994 2715 oportere.
1035 2635 1230 2715 Sacerdotis,

200 2745 233 2797 et
264 2730 530 2816 quemadmodum
563 2743 655 2795 vetus
691 2732 867 2796 institutum
903 2750 978 2809 est,
1019 2735 1231 2801 sacerdotales

198 2835 401 2919 praefecturas
417 2857 475 2917 per
494 2836 687 2916 collegarum
703 2833 852 2917 suffragia
869 2835 1038 2917 designari.
1077 2837 1151 2902 Hoc
1163 2860 1231 2902 non

201 2933 285 3000 ieret
304 2935 434 3020 inquam
459 2936 573 2999 lloma.

600 3029 815 3112 uaniora.

273 3153 342 3216 Nec
359 3151 498 3216 vicissim
517 3171 576 3213 nos
600 3149 706 3227 forte,
736 3150 818 3213 illius
841 3149 1039 3229 violentiam,
1070 3156 1229 3235 fraudent,

200 3263 234 3316 ot
250 3255 352 3317 scelus
377 3253 527 3317 letemus.

625 3366 660 3430 Η
672 3388 694 3428 u
706 3378 718 3427 t
728 3377 740 3428 t
750 3389 769 3429 e
779 3388 811 3430 n.

275 3470 369 3533 Tunc
387 3470 519 3532 multum
541 3485 621 3530 vero
641 3467 776 3531 decedet
796 3468 884 3531 urbis
905 3471 1153 3552 magnificentias.

615 3581 814 3646 Ernhold.

277 3680 341 3746 cui
360 3682 487 3746 tandem
507 3683 776 3769 magrrificentiae?

421 3869 425 3877 ¹
623 3802 795 3864 Hutten.

275 3894 361 3959 Cui?
380 3899 470 3979 quasi
487 3921 567 3964 vero
582 3899 780 3983 incognitum
796 3903 909 3966 habeas
921 3905 1001 3966 illius
1016 3907 1230 3985 splendorem.

201 3994 343 4059 Primum
359 3998 443 4059 enim
462 4001 565 4083 qualia
583 4013 657 4064 sunt
672 4002 737 4065 haee
754 4004 830 4081 tria,
856 4027 925 4087 quae
945 4007 1063 4089 ubique
1080 4007 1230 4071 videntur

201 4097 330 4172 Romae,
352 4117 388 4158 ac
409 4099 556 4165 omnibus
575 4101 672 4166 obvia
691 4116 779 4166 sunt:
809 4105 982 4190 equitatio,
1003 4105 1176 4183 tabellarii,
1196 4120 1228 4169 et

113 4188 116 4193 ’
199 4196 460 4263 benedictiones?

612 4302 815 4369 Ernbold.

277 4401 364 4466 Talia
384 4402 547 4483 proiecto,
570 4414 605 4465 ut
624 4402 742 4469 nullum
763 4428 877 4474 corum
896 4431 988 4475 usum
1009 4430 1189 4494 agnoscant.
