2632 5086
199 784 271 859 266
486 784 548 861 De
575 784 729 886 Guajaci
754 785 939 863 medicina

196 996 249 1067 ως
281 974 353 1057 ipse
384 977 538 1062 comperi.
592 978 672 1042 Nun
704 977 833 1062 triginta
866 981 936 1043 dier
966 1000 1040 1047 cum
1070 983 1229 1061 rbiiment,

196 1076 334 1141 necdum
350 1079 473 1154 utccra,
487 1098 557 1162 quea
569 1077 603 1141 in
615 1077 694 1141 tibia
706 1092 813 1156 erant,
823 1066 1006 1146 'cicatricem
1020 1083 1230 1147 obtinuissent

196 1176 322 1252 omnia,
352 1179 495 1241 continui
514 1199 565 1241 me
585 1179 663 1243 aiios
688 1180 790 1243 adhuc
808 1181 1028 1260 decemdiea,
1060 1184 1177 1268 quibus
1198 1195 1232 1248 et

195 1278 272 1362 ipsis
301 1279 475 1359 peractis,
506 1281 650 1343 nondum
688 1291 792 1345 tamen
827 1285 1060 1357 convalueram.
1112 1287 1229 1367 Quom

196 1382 308 1445 obrem
329 1393 415 1446 metu
435 1381 588 1465 frigoris,
625 1382 716 1466 quod
741 1380 911 1463 incipiebat
929 1387 1058 1464 byema,
1090 1385 1229 1467 adjicere

195 1482 273 1546 alios
287 1503 423 1546 rursum
448 1484 518 1547 dies
545 1483 691 1565 decrevi,
721 1502 833 1545 verum
859 1483 974 1547 medici
999 1485 1130 1549 adactus
1155 1507 1229 1566 per·

195 1566 363 1660 suasione,
381 1595 433 1646 ·ut
459 1584 652 1666 egrederer,
683 1581 857 1665 periculum
883 1583 966 1661 feci,
999 1606 1059 1649 nec
1086 1586 1166 1648 rnaie
1192 1586 1226 1648 id

196 1662 309 1759 cinit,
330 1704 521 1768 quamquam
539 1694 645 1748 carent
671 1695 748 1746 tunc
774 1683 897 1759 ulcera,
922 1705 990 1746 non
1004 1686 1063 1746 alta
1083 1684 1222 1768 quidem,

199 1794 254 1849 eut
277 1807 347 1870 que
373 1796 547 1862 tumerent,
578 1786 636 1849 aed
661 1785 694 1847 in
721 1789 841 1848 r‘umma
865 1796 938 1848 cute
959 1795 992 1847 et
1012 1786 1129 1869 quibus
1149 1786 1227 1849 illud

197 1896 317 1949 tantum
342 1887 486 1960 deesset,
515 1886 606 1969 qued
624 1906 691 1947 non
714 1896 940 1967 contegeretur
960 1907 1053 1961 caro,
1085 1887 1174 1970 qnod
1194 1886 1227 1949 in

197 1997 317 2049 tantum
341 2009 425 2069 ogre
451 1997 613 2050 assecutus
638 2006 727 2059 aum,
758 1996 794 2047 ut
814 1984 870 2048 vix
891 1986 1135 2070 quadragesimo
1154 1998 1228 2068 post

132 2126 164 2158 a„
199 2106 364 2171 egressum
383 2087 454 2162 die,
484 2107 525 2147 ex
545 2095 634 2161 toto,
665 2085 803 2149 obducta
823 2086 883 2163 sit,
912 2108 985 2149 cum
1011 2095 1074 2168 cgo
1101 2087 1227 2151 interint

197 2188 262 2253 acri
280 2187 344 2269 jam
364 2199 429 2249 trun
449 2187 580 2265 hyeme,
609 2207 628 2249 e
647 2185 823 2250 Vindelicis
850 2187 883 2249 in
903 2188 1044 2251 Francos
1064 2187 1124 2250 iter
1146 2189 1232 2251 soce-

195 2311 274 2353 rcm.
312 2290 414 2351 More
435 2285 505 2368 ejus
526 2306 635 2348 causas
654 2285 722 2370 ipse
742 2287 971 2368 conjiciebam,
1003 2289 1092 2372 qnod
1111 2288 1229 2352 medici

198 2391 372 2475 permisau,
391 2388 514 2473 plenius
535 2408 629 2470 quarn
648 2389 829 2469 oportuisse
848 2399 921 2467 post
940 2389 1102 2469 cognovi,
1125 2389 1230 2452 cibum

173 2542 176 2549 Α
198 2493 455 2575 assumpsissent,
474 2501 507 2551 ct
526 2508 608 2572 quos
627 2487 653 2550 is
672 2489 747 2552 mibi
766 2490 892 2552 tenuius
910 2509 1005 2571 quam
1022 2490 1150 2564 debuit,
1171 2491 1228 2552 de»

195 2595 335 2659 coxisset
355 2594 530 2675 potionem.
570 2594 653 2669 Usus
672 2613 743 2655 snm
763 2591 848 2653 eninr
866 2590 945 2672 tigni
964 2590 1108 2671 pondere
1132 2592 1226 2675 quin·

197 2714 262 2777 que
283 2715 350 2755 non
371 2696 463 2774 plene
486 2694 656 2769 librarum,
675 2713 747 2755 curn
765 2691 817 2754 ulii
837 2701 929 2770 octo,
949 2693 1094 2755 nonnulli
1112 2694 1223 2757 decem

197 2792 415 2868 insumerent,
446 2795 582 2876 decepto
603 2794 636 2857 iu
654 2796 716 2857 hoc
733 2792 876 2868 medico,
909 2794 1089 2876 quodcum
1111 2793 1228 2874 gracile

195 2892 272 2958 mihi
304 2906 416 2965 notura
453 2915 571 2976 corpus
607 2915 699 2972 csse,
735 2894 852 2956 deinde
887 2894 992 2957 morbi
1021 2893 1227 2956 diuturnitate

194 2993 288 3077 etiam
312 3007 519 3059 extenuatum
543 2997 683 3072 videret,
716 3014 827 3076 parum
853 2992 932 3077 quid
956 2994 1030 3058 satie
1056 3014 1145 3071 esse,
1175 2994 1228 3058 cui

195 3096 245 3161 vir
282 3095 387 3160 morbi
421 3098 550 3160 cederet
585 3095 732 3179 putavit,
767 3093 812 3157 ob
848 3094 946 3175 idque
982 3095 1076 3158 etiarn
1110 3097 1227 3177 largius

193 3208 345 3281 paverat,
376 3218 449 3261 cum
461 3273 465 3279 ⁵
477 3208 644 3259 vereretur
670 3195 801 3258 nimium
820 3196 941 3258 viribus
962 3215 1003 3258 nc
1023 3195 1225 3272 destituerer,

195 3297 314 3380 duplici
347 3316 470 3363 errore.
518 3297 617 3376 Quod
644 3306 676 3358 et
703 3318 770 3358 non
800 3296 893 3380 quale
923 3296 986 3376 jani
1014 3306 1081 3360 turn
1110 3319 1227 3378 corpus

193 3409 299 3475 esset,
334 3420 447 3463 verum
473 3399 566 3480 quale
593 3417 664 3460 esse
693 3400 832 3474 soleret,
872 3398 1045 3461 videndum
1078 3409 1165 3473 erat,
1195 3408 1227 3460 et

191 3521 238 3562 ea·
256 3500 419 3564 medicinae
453 3498 548 3580 hujus
579 3509 693 3562 natura
723 3509 793 3574 est,
839 3498 996 3561 neminem
1022 3499 1162 3567 ¹destitui
1191 3509 1227 3560 ut

193 3601 283 3665 oinct.
331 3605 440 3684 Quare
469 3601 564 3664 etiarn
593 3598 812 3663 infirmissimis
837 3618 904 3660 non
934 3597 1060 3677 minus,
1090 3600 1147 3663 sed
1175 3597 1229 3660 ali·

193 3715 313 3787 quanto
336 3705 409 3793 plna
434 3705 527 3764 etiarn
546 3696 686 3763 dandina
705 3709 770 3772 est,
802 3698 878 3782 quia
907 3698 984 3763 nihil
1008 3722 1081 3764 cum
1105 3700 1226 3781 impetu

194 3803 285 3880 iacit,
304 3824 378 3865 cum
397 3802 468 3880 ejus
495 3800 712 3879 juvamentum
738 3798 764 3861 si
791 3800 941 3881 paulatim
959 3821 1081 3865 sanare.
1120 3804 1230 3885 Atque

194 3903 293 3987 igitur
318 3903 395 3966 illud
417 3903 584 3964 decoctum
601 3897 701 3984 magis
722 3901 848 3982 probo,
882 3904 973 3987 quod
992 3905 1139 3987 adigncm
1160 3903 1231 3966 diu·

197 4005 260 4068 tius
285 4003 367 4079 tuit,
390 4014 423 4066 et
447 4002 537 4086 quod
561 4002 696 4064 amulto
720 4000 808 4084 ligno
833 4024 969 4083 paucum
997 4003 1164 4087 provenit,
1191 4003 1234 4065 ita

193 4116 232 4169 ut
260 4105 431 4178 eruderare,
462 4122 529 4184 quo
555 4102 710 4167 efficacius
736 4105 807 4182 fiat,
844 4105 885 4168 ad
910 4103 1032 4168 tertiam
1056 4122 1139 4185 cepe
1160 4122 1229 4182 par·

192 4217 258 4269 tent
282 4205 477 4288 decoquere.
515 4204 623 4268 Porro
646 4206 751 4277 almam
779 4227 850 4289 quaa
878 4200 1007 4287 astringi
1033 4203 1132 4286 sciet,
1158 4200 1227 4276 ubi,

194 4308 321 4368 solvere
340 4305 368 4371 ri
390 4307 477 4369 volet
496 4306 589 4391 quir,
619 4306 832 4388 pulvisculum
852 4326 872 4368 e
891 4304 988 4369 scobe
1016 4299 1148 4379 Guajaci
1177 4302 1232 4365 dc-

194 4418 321 4471 noctnm
347 4428 388 4471 ex
419 4427 522 4492 aqua,
555 4400 670 4473 bibere
696 4405 857 4473 semuncia
883 4404 1017 4467 suadent
1045 4403 1080 4469 io
1106 4425 1231 4468 atri-ora.
