2618 5094
1181 454 1201 483 '-

300 482 307 503 l
1114 506 1119 515 .
1192 490 1201 503 ι

127 789 198 860 tos
379 780 483 857 l'rins
531 781 699 859 Romans
721 781 908 885 Dialogus.

561 975 734 1039 Huttsn.

207 1073 253 1138 At
272 1074 352 1137 hone
369 1073 413 1137 illi
432 1094 556 1155 poenam
576 1074 841 1157 interpretantur,
859 1096 933 1141 nam
944 1072 1170 1158 superiormus

134 1174 245 1250 amris,
283 1195 355 1237 curn
384 1187 531 1239 strenuus
556 1174 704 1258 quidam,
742 1188 775 1238 et
804 1176 919 1259 dignus
947 1179 1012 1242 hoe
1041 1179 1171 1242 honore

130 1274 301 1356 episeopus
321 1297 339 1337 a
359 1277 506 1339 Romano
528 1276 656 1360 quidem
674 1275 825 1357 pontifice
837 1279 1018 1344 confirmari
1030 1276 1168 1342 rustino

130 1388 195 1453 ret,
229 1377 356 1459 pallium
388 1397 468 1439 vero
499 1395 607 1439 emere
635 1377 751 1452 nollet,
791 1363 825 1439 in
856 1397 963 1460 eoque
992 1388 1167 1460 pemtmet,

131 1476 238 1558 ipsum
249 1478 378 1562 quidem
390 1478 582 1539 anathemate
601 1475 733 1540 confixit
744 1475 889 1556 pontifex
904 1478 1058 1559 temporis
1079 1476 1168 1560 ejus.

130 1596 331 1643 successores
354 1596 452 1655 vero,
482 1578 573 1660 quod
597 1575 632 1639 in
653 1575 879 1640 contumaciam
901 1577 982 1642 mne
1004 1577 1067 1656 (sio
1087 1581 1168 1645 enim

132 1688 248 1741 vocant
262 1679 310 1740 fas
331 1697 424 1741 omne
439 1675 595 1765 nostrum)
613 1676 710 1740 semel
723 1677 933 1740 consensisset
945 1679 1081 1743 ecclesia
1093 1681 1168 1745 Mo·

132 1778 280 1862 guntinn,
300 1777 389 1858 dupli
407 1777 440 1841 in
460 1786 648 1861 perpetuum
666 1775 910 1853 damnaverunt,
929 1798 1003 1842 cnm
1022 1780 1166 1860 priusX.

130 1877 225 1944 millis
248 1878 428 1943 statuissent
454 1875 555 1958 enim,
586 1877 664 1943 XX.
683 1897 769 1939 nune
793 1876 889 1941 millis
914 1877 1069 1961 exigunt,
1101 1900 1183 1967 quo·

133 1979 175 2043 de
201 1979 284 2043 adeo
314 1979 391 2044 nihil
416 1979 599 2053 remittunt,
631 1987 668 2040 ut
692 1978 876 2043 muneribus
898 1979 1000 2041 adhue
1020 1991 1175 2057 oportent·

131 2082 273 2144 inescare
293 2101 423 2159 omnes,
444 2078 501 2163 qui
520 2079 554 2143 in
565 2077 698 2162 negotio
713 2097 755 2142 so
771 2078 966 2159 respondent
975 2079 1118 2164 aliquid,
1137 2093 1168 2144 et

130 2182 197 2245 dno
217 2182 314 2244 verbs
334 2183 391 2265 qni
411 2180 570 2256 scribunt,
591 2179 713 2266 (piique
732 2178 894 2259 plumbum
914 2179 1117 2261 imprimunt,
1137 2193 1168 2244 et

134 2281 296 2365 palliolum
306 2283 368 2344 hoc
387 2281 444 2364 qui
461 2290 637 2355 consuunt,
655 2288 689 2340 et
699 2299 828 2362 mugnus
838 2280 1025 2363 gravissimo
1041 2293 1167 2364 mmptn
1197 2346 1200 2351 ,

130 2379 259 2445 mittere
274 2382 410 2446 Romam
428 2379 603 2465 legationes
624 2399 707 2462 opus
726 2391 784 2443 est.
821 2382 919 2462 Quod
937 2382 964 2442 si
982 2380 1016 2445 in
1028 2394 1166 2458 eentum,

131 2493 188 2549 sut
214 2484 358 2548 ducentis
385 2483 482 2546 semel
500 2481 590 2566 anuis
615 2481 723 2556 lieret,
753 2481 948 2546 tolerandum
978 2493 1085 2546 tamen
1103 2503 1168 2549 nnn

133 2583 298 2648 videretur
333 2593 464 2666 propter
495 2579 708 2645 detestandam
736 2579 770 2642 iu
801 2579 977 2646 Christiana
1010 2583 1167 2666 religione

132 2683 326 2758 novitatem,
357 2702 442 2745 nunc
465 2692 610 2766 repertus
641 2691 690 2743 est
718 2679 929 2763 Mogontinus
955 2673 1075 2759 senex,
1112 2687 1167 2769 qm·

132 2782 273 2846 meminit
300 2794 446 2845 octavum
473 2781 512 2844 ab
539 2781 602 2846 lroe
627 2782 760 2860 Albertp
787 2780 900 2844 videre
926 2801 960 2844 se
988 2781 1167 2864 Mogonti-

131 2881 336 2964 episeopum‚
367 2894 416 2944 tot
434 2880 525 2966 pallia
544 2881 606 2945 emi
627 2902 690 2944 una
708 2880 741 2943 in
767 2881 899 2946 ecclesis
917 2883 1010 2944 unius
1031 2883 1166 2947 hominis

6 3012 9 3019 ·
131 2991 221 3045 atsto
247 2982 391 3066 contigit.
436 2987 510 3064 Quo
535 2981 672 3056 tactum,
704 2988 739 3043 ut
766 3003 828 3044 sue
854 2981 955 3046 alieno
983 2983 1166 3065 gravissime

132 3103 242 3169 prem
271 3103 325 3158 es,
356 3095 387 3147 et
406 3086 561 3148 exhsnsto
579 3079 864 3146 contributionibus
882 3084 1021 3167 populo,
1039 3084 1099 3149 vix
1117 3105 1169 3150 re-

133 3185 224 3262 dest,
244 3205 311 3269 quo
330 3183 371 3248 eli
387 3180 560 3266 episeopus
578 3171 623 3243 ibi
641 3182 753 3262 possit.

538 3283 692 3346 Ernho
705 3282 757 3344 ld.

216 3385 313 3465 Quod
331 3383 358 3448 si
376 3381 538 3463 contingat
556 3381 652 3445 hodie
671 3382 779 3445 sedem
795 3383 1012 3462 hancvscsre,
1033 3398 1166 3467 putesne

131 3484 166 3546 in
192 3494 276 3547 tants
306 3504 414 3548 rernm
439 3481 572 3565 perimis
598 3480 724 3567 pallium
748 3481 851 3546 adhuc
873 3495 1036 3566 empturos
1055 3490 1165 3554 Rome

132 3582 367 3665 Mogontinosl

573 3682 738 3748 Hutten.

208 3783 262 3847 Dii
294 3784 460 3847 Albertum
486 3782 616 3869 quidem
644 3798 788 3856 servent.
826 3787 934 3870 siquid
961 3790 1035 3850 huic
1061 3800 1168 3857 nmen

133 3884 266 3961 recidet,
287 3895 393 3948 emunt
410 3885 493 3961 scin,
514 3895 634 3960 emerit,
653 3888 736 3967 proh
756 3885 896 3953 Christe!
918 3902 1033 3952 ement.

543 3987 764 4052 Erulrold.

212 4086 256 4150 At
274 4085 409 4168 pecunia
428 4105 494 4159 uon
513 4084 591 4162 erit,
611 4107 717 4180 neque
735 4091 873 4171 populus
893 4089 974 4153 ultra
992 4089 1122 4155 tribues
1154 4172 1157 4179 Ι

562 4187 728 4251 Hntten.

209 4284 431 4368 [dispoliabunt
449 4307 485 4353 se
502 4286 646 4355 homines
663 4286 741 4368 ipsi,
766 4309 802 4352 ee
816 4289 1055 4366 eviscerrbunt,
1074 4302 1112 4354 ut
1126 4291 1166 4354 sit

132 4386 222 4469 qnod
242 4386 376 4450 Romam
397 4387 537 4464 mittant,
556 4398 676 4453 tsnnnn
695 4391 878 4470 superstitio
891 4393 988 4465 volet,
1009 4402 1063 4455 sut
1081 4390 1110 4456 si
1132 4391 1164 4457 in
