2632 5086
834 117 835 141 l

216 1178 457 1256 Hulderichus
479 1177 530 1249 de
549 1177 689 1248 llutten
715 1176 836 1247 liberis
860 1180 898 1251 in
923 1179 1121 1253 Germania

468 1378 474 1389 .
502 1312 667 1385 omnibus
693 1313 854 1386 salutem.

593 1481 785 1525 ...m-...2

165 1650 287 1746 Adnue
314 1683 388 1744 nihil
411 1688 565 1742 cessatum
592 1674 684 1739 nobis
712 1688 760 1740 est
777 1678 817 1742 ab
836 1701 876 1745 eo
896 1682 963 1759 die,
995 1694 1061 1766 qud
1081 1686 1177 1746 semel

160 1784 361 1847 constrictam
380 1782 433 1842 diu
462 1779 542 1859 jun,
566 1786 598 1841 et
618 1798 699 1857 pene
722 1780 905 1844 suffocatam
930 1782 1063 1844 nationis
1082 1781 1177 1867 lustjus

160 1884 350 1957 libertatem,
365 1879 560 1961 quantumin
574 1875 667 1939 nobis
681 1874 781 1952 esset,
794 1882 936 1955 solvere,
958 1891 989 1942 et
1000 1895 1175 1948 restaurare

159 1980 299 2063 adgressi
326 2000 451 2042 smnus:
485 1979 560 2040 dum
588 1979 638 2038 vel
664 1979 852 2059 querimus,
884 1990 915 2038 et
935 1981 1176 2062 investigamus,

159 2081 237 2164 qnid
250 2080 370 2163 ubique
391 2079 567 2140 abstrusum
592 2076 742 2139 habeatur
762 2076 967 2160 antiquitatis,
996 2087 1084 2164 quod
1103 2089 1177 2151 huic

157 2193 268 2245 nostro
288 2181 491 2243 commodare
509 2175 608 2261 possit
623 2174 781 2251 institnt0;
803 2181 855 2241 vel
870 2181 1033 2245 scribimus
1048 2184 1123 2266 ipsi,
1144 2201 1177 2250 et

154 2283 188 2344 in
207 2284 309 2344 lucem
329 2280 469 2354 edimus,
493 2299 564 2362 quae
593 2296 681 2340 mens
700 2278 827 2341 conscia
841 2282 910 2343 veri
923 2287 1046 2350 occulta
1056 2266 1174 2354 diutius

153 2403 223 2444 esse
252 2401 318 2443 non
338 2379 481 2442 sustinet.
525 2377 600 2456 Quo
623 2374 729 2440 studio
750 2398 849 2461 quum
868 2383 1010 2444 secundo
1028 2387 1176 2465 proxime

153 2485 268 2545 Rheno
296 2478 448 2561 navigans
474 2476 514 2538 nd
535 2473 736 2538 'treverense
763 2466 971 2560 municipium
996 2482 1175 2563 Bopnrdam

153 2580 391 2661 adplicuissem,
410 2574 694 2656 commissamque
714 2574 977 2660 Cirristophornm
989 2582 1173 2649 Eschenlel-

154 2682 228 2753 der,
256 2676 311 2760 qui
331 2679 469 2738 telonem
488 2670 557 2735 istic
576 2671 653 2752 agit,
685 2685 780 2756 atque
799 2674 843 2751 is,
870 2700 933 2761 qua
951 2681 1173 2751 benevolentis

152 2781 255 2842 bonos
275 2789 308 2838 et
335 2777 474 2838 literatos
496 2790 605 2834 omues
625 2775 845 2854 prosequitur,
866 2781 994 2845 domum
1012 2804 1062 2846 me
1083 2807 1171 2850 susm

151 2879 350 2953 adduxisset,
372 2872 542 2956 hospitium
564 2872 735 2946 exhibens,
768 2884 804 2933 ut
822 2879 925 2955 paullo
946 2893 1017 2944 ante
1037 2886 1170 2949 Erasmo

148 2980 269 3042 iecerat
285 2970 400 3039 eximie
414 2972 600 3047 liberaliter,
620 2971 736 3035 deinde
752 2970 865 3052 libros,
880 2989 913 3038 et
926 2981 1170 3060 suppellectilem

149 3080 279 3157 ordine,
308 3088 343 3142 nt
369 3079 420 3154 fn,
448 3075 645 3147 ostenderet,
678 3072 735 3135 alia
755 3073 883 3154 quidem
909 3076 975 3138 vidi
995 3076 1066 3143 satis
1087 3085 1169 3144 lauta

147 3183 266 3260 omnis,
288 3181 345 3246 sed
361 3179 444 3242 inter
457 3177 555 3240 libros
568 3170 676 3236 inveni
690 3174 830 3241 rotulum
843 3176 1029 3256 quemdam,
1051 3181 1169 3260 episto.

144 3287 189 3349 las
200 3278 556 3367 atirprmeoninenrem,
566 3275 742 3358 quemdum
753 3268 885 3353 inspicio
896 3277 1040 3357 primum,
1051 3281 1166 3349 deinde

144 3387 218 3466 lego
238 3378 350 3456 etiam,
370 3401 439 3444 rem
457 3395 619 3460 cognosco
639 3373 772 3435 oblatam
788 3374 863 3438 nihi
880 3377 1007 3450 minime
1025 3390 1165 3447 contem.

143 3484 296 3557 uendam,
319 3482 425 3565 itaque
438 3480 602 3561 perlegere
616 3472 783 3558 adgressus
796 3491 876 3541 snm.
915 3480 1011 3558 Quod
1023 3480 1074 3544 ille
1087 3502 1163 3549 con-

143 3583 280 3666 spicatus
293 3580 461 3643 stimodmn
469 3579 585 3659 cupide
596 3595 692 3661 agere
702 3596 768 3651 ms,
782 3579 908 3651 volens,
922 3581 1035 3661 oredo,
1046 3564 1160 3649 imitari

142 3683 350 3746 Homericum
367 3679 453 3742 illum
471 3680 639 3742 Nestorem
658 3679 716 3763 arip
740 3682 829 3755 ξιίνια
855 3675 949 3756 triers,
976 3688 1008 3755 et
1026 3678 1163 3751 libellum

142 3784 230 3846 dono
258 3779 366 3853 dedit,
403 3776 603 3859 postridianre
637 3772 847 3871 rravigntionis
879 3782 1052 3848 molestiam
1089 3785 1161 3868 ejus

140 3884 277 3947 lectione
296 3875 410 3962 jubens
426 3881 536 3939 levare
555 3896 616 3940 me.
660 3877 713 3941 En
732 3876 825 3942 vobis
847 3896 1080 3966 consequenter
1101 3888 1160 3951 ho·

140 3983 319 4069 spitalitium
346 3976 437 4043 amici
466 4000 598 4053 munus,
639 3998 659 4040 o
689 3976 795 4042 liberil
833 3975 919 4062 Quid
944 3983 1029 4054 enim
1055 3998 1159 4065 potest

140 4084 279 4168 jucunde
300 4082 435 4148 adficere
455 4078 647 4155 Iluttenum,
668 4098 735 4162 quo
754 4077 781 4142 is
799 4079 864 4145 frui
882 4080 968 4157 solus
987 4086 1079 4162 uelit,
1098 4106 1158 4150 nee

140 4187 232 4249 bonis
250 4184 353 4248 statim
369 4182 600 4245 communiente
612 4179 782 4243 omnibus?
803 4188 855 4247 eut
870 4176 946 4266 quid
959 4192 1008 4248 est
1016 4185 1157 4264 juvando

140 4285 268 4365 publico
300 4285 334 4347 in
360 4279 529 4351 Gennanis
564 4280 652 4373 bono
686 4272 857 4374 idoneum,
883 4283 975 4369 quod
1004 4288 1101 4349 latere
1123 4280 1155 4352 -ii

175 4409 242 4454 llntt.
262 4410 306 4468 Op.
324 4406 351 4457 'l'-
368 4408 410 4456 111.
823 4386 869 4460 36
