2632 5086
432 744 480 815 ad
504 744 654 816 Petrum
680 745 726 818 de
752 744 892 817 Aussas.
1107 750 1172 823 187

144 935 300 1014 judicium
327 935 493 1018 quemme
520 935 694 999 connivere
720 937 878 1019 potuisti?
925 937 1010 1019 Quid
1031 957 1098 998 non
1117 957 1174 998 ex-

144 1036 327 1117 ceptionem
357 1048 433 1098 tunc
458 1036 585 1098 molitus
613 1037 671 1097 cs‘?
715 1039 801 1117 Quid
826 1059 893 1100 non
917 1038 1031 1100 mutire
1056 1037 1175 1120 aliquid

141 1136 298 1198 voluisti?
338 1136 517 1199 Praesertim
548 1138 633 1216 apud
662 1139 912 1202 Maximiiianum
943 1141 1075 1203 multum
1102 1158 1175 1200 curn

140 1259 275 1318 posses,
310 1248 406 1318 atque
428 1236 513 1299 illuni
534 1239 631 1301 scires
655 1260 694 1303 ca
720 1261 790 1302 esse
814 1240 996 1316 clementia,
1023 1248 1060 1302 ut
1073 1236 1106 1305 'si
1123 1241 1191 1300 vel·

140 1350 274 1419 perte,
302 1339 354 1399 vel
376 1335 470 1398 alium
490 1339 668 1420 quempiam
692 1340 830 1403 monitus
849 1341 979 1418 luisset,
1001 1339 1175 1424 quidquam

142 1459 213 1500 esse
240 1437 277 1498 in
303 1450 413 1499 nostra
442 1440 641 1502 accusatione
666 1443 750 1504 haud
776 1441 908 1525 perinde
936 1462 972 1503 ac
998 1464 1056 1504 nos
1081 1443 1173 1504 dctu-

142 1539 288 1601 lisscrnus
327 1539 518 1614 admissum,
558 1553 589 1600 et
620 1541 758 1617 sactum,
798 1543 843 1605 sie
878 1541 1074 1622 judicaturus
1109 1562 1176 1610 non

141 1639 267 1702 luisset.
282 1641 313 1713 ξ’)
360 1641 492 1702 Revoca
523 1653 627 1701 autem
648 1642 680 1702 in
701 1643 857 1718 animum,
878 1665 972 1725 quam
993 1654 1176 1707 crrnctanter

143 1740 217 1801 illud
238 1740 434 1820 processerit
454 1740 629 1818 judicium,
663 1755 694 1802 et
719 1745 808 1825 qnod
827 1764 886 1804 nos
907 1742 988 1805 illam
1008 1744 1063 1804 vix
1084 1743 1177 1828 quin·

143 1840 270 1902 decimo
292 1852 366 1922 post
384 1840 502 1903 factum
522 1863 630 1905 mense
650 1843 836 1906 sententiam
859 1846 1098 1908 extorserimus.
1138 1843 1176 1906 ln

143 1953 230 2003 tanto
253 1942 420 2004 intervallo
440 1954 502 2004 tani
521 1943 670 2005 diuturna
690 1946 890 2008 cunctatione
909 1968 977 2008 non
999 1945 1060 2007 l'nit
1085 1947 1176 2007 locus

143 2043 197 2104 tihi
231 2042 481 2105 intercedendi?
536 2046 578 2106 At
610 2045 725 2107 timore
758 2043 891 2109 Caesaris
922 2068 963 2107 ne
996 2045 1176 2108 offenderes

145 2142 344 2206 substituisti.
383 2146 434 2206 Ad
452 2144 537 2204 illurn
554 2144 700 2206 timorem
717 2166 782 2206 non
800 2146 911 2226 recipit
927 2149 991 2208 hac
1007 2146 1177 2221 fortitudo,

148 2265 206 2326 qua
227 2266 327 2323 agere
347 2244 452 2305 omnia
471 2244 575 2324 putari
595 2245 653 2306 vis.
693 2248 760 2306 Nec
788 2246 845 2307 tibi
872 2247 1038 2306 eorrsitiurn
1064 2246 1176 2319 deluit,

149 2345 172 2405 si
199 2345 393 2419 metuisses,
440 2347 549 2406 saltem
591 2347 692 2425 ipsum
730 2367 932 2407 commonere
969 2347 1180 2420 Phalaridem,

153 2465 210 2526 quo
243 2465 309 2507 suo
343 2443 414 2523 jure
449 2467 543 2527 quain
577 2445 796 2507 defensionem
829 2445 1010 2507 instrueret.
1061 2445 1114 2506 An
1141 2456 1179 2509 tu

153 2545 249 2628 aliqua
267 2565 346 2605 cera
362 2546 542 2608 obthuratas
560 2546 696 2607 habebas
715 2568 823 2621 aures,
846 2567 917 2607 cum
931 2546 1179 2626 proclamaretur

151 2647 321 2730 Augustae,
353 2645 451 2728 siquis
472 2646 553 2707 inire
574 2646 792 2709 defensionem
814 2647 895 2709 illins
923 2647 1037 2721 vellet,
1070 2646 1178 2722 licere,

152 2758 243 2830 atque
270 2748 335 2809 hoe
366 2746 421 2828 qui
451 2746 511 2827 ipsi
544 2770 560 2808 a
593 2747 737 2810 cancellis
766 2759 840 2808 tunc
869 2759 957 2821 erat,
997 2761 1032 2809 ut
1064 2747 1179 2828 potuit,

150 2845 297 2910 laceret?
335 2845 392 2907 ubi
419 2859 453 2908 tn
474 2849 526 2908 illo
552 2848 725 2925 tempore?
764 2847 840 2930 quid
860 2848 1065 2909 mussitahas‘?
1104 2849 1180 2931 qnid

149 2945 313 3010 audebas?
352 2947 430 3009 Post
457 2969 526 3029 quse
553 2949 701 3027 principia
729 2949 821 3029 quod
848 2949 1031 3026 pugnaturis
1057 2950 1180 3027 signum

150 3048 267 3110 dabas?
309 3048 404 3107 Tunc
425 3049 501 3108 illius
522 3050 706 3109 innocentiae
728 3069 794 3107 non
814 3047 959 3107 veniebat
985 3049 1015 3107 in
1043 3058 1181 3110 mentem

150 3148 228 3211 tibi?
265 3147 337 3209 Nec
366 3149 397 3208 in
426 3157 569 3228 tempore
596 3150 723 3209 voluisti
750 3149 854 3226 potius
882 3167 977 3227 opem
1002 3134 1113 3223 serre,
1146 3159 1181 3210 et

150 3249 230 3311 laeto
250 3248 470 3322 intercedere,
502 3271 597 3332 quain
618 3250 787 3330 profligatis
811 3245 872 3327 jam
894 3250 991 3328 copiis
1009 3260 1040 3310 et
1058 3246 1182 3329 pcnttet

153 3350 330 3411 rebellum
359 3370 524 3427 reparare,
560 3372 663 3412 nosos
693 3350 843 3411 turnultus
875 3351 1044 3423 invehere,
1076 3371 1180 3412 novos

152 3463 256 3512 motus
278 3449 463 3511 concitare?
503 3449 621 3513 lterum
647 3452 718 3513 dico
745 3452 858 3529 igitur,
889 3460 941 3509 aut
966 3451 1045 3511 illam
1073 3451 1180 3513 induci
1268 3522 1273 3529 .

149 3572 207 3632 per
226 3562 260 3611 te
282 3562 410 3631 oportet
423 3552 623 3614 Maximiliani
640 3552 838 3624 sententiam,
860 3561 912 3611 ant
929 3549 1071 3631 improbe
1093 3552 1178 3626 lacis,

151 3654 205 3735 qui
233 3651 359 3721 libellos
384 3674 490 3728 meos,
525 3674 594 3715 earn
619 3653 787 3733 loquentes
814 3652 986 3723 actionem,
1020 3650 1180 3729 discerpis.

150 3753 216 3815 Nisi
240 3763 273 3814 te
300 3765 408 3815 movet
434 3755 523 3836 quod
549 3765 691 3814 veterent
712 3752 863 3833 Dialogus
885 3750 1040 3812 scribendi
1060 3771 1182 3816 rnorem

151 3874 326 3930 revocans,
358 3855 447 3917 etad
469 3855 669 3936 antiquorum
694 3852 893 3913 imitationem
921 3872 970 3912 me
1000 3853 1181 3932 conserens,

154 3952 195 4012 de
216 3952 394 4029 Charonte,
427 3954 466 4020 de
488 3955 674 4028 Mercurio,
707 3953 747 4013 de
767 3951 949 4026 Phalaride,
980 3963 1011 4013 et
1032 3952 1083 4015 illo
1104 3955 1186 4038 inle-¹

150 4074 262 4116 rorum
286 4075 391 4138 regno
422 4055 537 4138 aliquid
563 4056 661 4136 tingo.
707 4051 943 4116 Araocelum
968 4073 1034 4116 non
1062 4070 1181 4139 movet,

148 4174 247 4238 quem
267 4153 382 4238 jugrdo
401 4155 460 4233 ibi,
481 4155 537 4219 sed
557 4174 592 4216 ea
613 4175 681 4239 quaa
699 4163 813 4234 prater
830 4151 950 4226 fabulas
969 4147 1003 4217 et'
1021 4158 1181 4226 fictionem

183 4361 214 4428 ⁸)
229 4373 328 4422 sunm
338 4383 351 4416 .·
368 4372 449 4421 nuit.
