2632 5086
147 788 212 856 180
563 770 741 871 Apologia

141 971 216 1035 mihi
253 988 323 1030 esse
357 977 389 1029 et
418 964 561 1042 credam,
598 975 630 1027 at
655 964 756 1046 patiar
772 965 806 1041 ὗ)
839 984 899 1027 nec
920 965 1005 1028 facto
1024 974 1180 1042 movear,

142 1072 295 1152 Apagesis
310 1071 406 1143 hauc,
426 1068 538 1141 Petro,
561 1066 749 1149 opinonem3
768 1077 840 1127 tnon
858 1088 929 1129 sum
942 1090 983 1129 ex
998 1070 1056 1130 hac
1069 1073 1167 1130 secta.

142 1174 291 1236 Nondum
308 1172 392 1231 bunc
414 1168 571 1249 sapientire
595 1168 725 1248 gradum
743 1166 848 1248 attigi,
877 1167 930 1226 Tu
953 1177 1056 1229 autem
1083 1188 1168 1251 qrros

141 1294 232 1337 caros
250 1272 345 1334 hahes
357 1269 419 1353 „sic
436 1266 552 1331 erudi!
592 1268 650 1328 Me
672 1270 721 1329 vel
745 1265 865 1328 idcirco
886 1266 1022 1329 amicum
1037 1270 1169 1348 posthac

112 1362 114 1367 ⁵
140 1396 206 1436 non
235 1371 397 1444 habueris,
434 1368 508 1451 quia
536 1369 600 1430 haec
625 1369 759 1429 suatlcrc
785 1366 819 1428 in
852 1367 989 1430 animum
1012 1368 1168 1432 induxisti

141 1486 241 1536 tuum.
291 1471 387 1552 Quod
423 1468 450 1531 si
481 1468 693 1533 dissimulabas
725 1468 824 1542 scire,
856 1468 1022 1552 quomodo
1047 1467 1168 1532 lactum

141 1587 231 1636 tuum
249 1576 369 1635 laturus
397 1592 520 1648 essem,
556 1569 633 1631 nihil
656 1569 723 1648 ipsc
742 1571 802 1631 talo
822 1568 951 1641 faciam,
980 1569 1038 1630 sed
1057 1581 1167 1650 aperta

140 1675 229 1748 dico,
258 1674 378 1735 irascor
404 1672 478 1748 tibi,
504 1692 617 1735 verum
640 1672 681 1731 ita
700 1671 838 1746 irascor,
864 1681 898 1731 ut
920 1670 993 1733 satis
1022 1672 1165 1755 habeam,

140 1775 315 1838 ostendisse
329 1773 492 1847 affectum,
509 1792 576 1834 uon
593 1769 701 1833 ulcisci
716 1771 828 1833 adhuc.
866 1770 898 1833 Si
913 1791 993 1833 vero
1008 1770 1163 1852 opinione

139 1875 235 1937 falsus
255 1895 306 1949 cs,
328 1884 364 1935 ut
386 1871 441 1956 qui
468 1870 644 1952 putaveris,
669 1891 736 1932 non
755 1868 864 1953 iniqua
886 1871 1055 1934 ferendum
1075 1894 1093 1936 a
1110 1895 1164 1937 me

140 1976 274 2037 eximam
298 1994 451 2034 errorem.
489 1970 691 2053 Iniquissime
717 1970 885 2032 ferendum
903 1982 950 2030 est
968 1972 1072 2047 euim,
1100 1973 1166 2054 pri·

139 2095 225 2136 mum
244 2074 275 2133 in
291 2093 514 2154 quemcunque
527 2071 677 2145 identat,
697 2071 812 2133 deinde
825 2093 874 2133 mc
888 2072 1036 2153 imprimis
1054 2073 1165 2151 judico

139 2174 304 2249 iudignum
328 2175 437 2235 cuitu
463 2170 577 2246 iacias,
608 2184 705 2253 tarpio
729 2171 949 2235 immodestum
969 2173 1061 2256 (quid
1080 2175 1167 2237 enim

138 2274 265 2359 gravius
287 2273 400 2345 dicam)
420 2283 452 2333 et
471 2294 489 2334 a
510 2291 576 2355 quo
597 2273 657 2333 tale
685 2272 846 2353 quippiam
870 2273 986 2354 patiar,
1015 2284 1049 2335 et
1068 2295 1167 2357 qrrem

138 2386 173 2438 tu
188 2377 299 2450 laedas,
317 2375 344 2436 si
360 2395 495 2455 usquam
516 2372 616 2434 abste
633 2382 718 2432 certe
731 2371 941 2435 innocentem.
981 2374 1044 2435 seu
1056 2393 1164 2459 neque

137 2487 174 2537 ut
199 2478 317 2537 laturus
347 2495 469 2548 essem,
497 2472 682 2555 ignorabas,
711 2492 817 2555 ucque
846 2483 881 2533 ut
907 2472 1078 2536 ferendum
1107 2475 1162 2548 sit,

138 2575 253 2638 nescis.
291 2574 422 2655 Aliquid
439 2573 570 2635 monstri
589 2572 643 2633 alis
663 2582 713 2644 tu3
729 2572 814 2634 uuile
832 2593 897 2633 nou
912 2573 1060 2635 effodiam
1074 2576 1165 2658 qarod

138 2673 332 2753 cogitatione
353 2693 524 2755 assequor,
544 2683 664 2734 tantum
681 2672 769 2734 abest
787 2673 1020 2753 suspicionibus
1052 2687 1088 2736 ut
1115 2696 1164 2739 ar·

138 2771 216 2833 mari
245 2774 412 2836 adversum
439 2785 470 2835 te
494 2773 599 2835 velim.
638 2770 780 2834 Proinde
792 2772 837 2834 sic
859 2771 929 2852 ajo,
957 2775 1047 2857 quod
1076 2776 1165 2843 domi

137 2883 198 2934 ture
219 2871 251 2933 in
270 2884 392 2956 tuoque
412 2873 560 2935 cubiculo
580 2874 605 2934 si
625 2873 771 2949 fecisses,
798 2873 937 2956 graviter
956 2877 1091 2939 laturum
1112 2899 1166 2942 ruo

136 2973 275 3049 sciebas,
308 2973 342 3035 iu
368 2974 512 3054 publice,
549 2986 581 3035 et
613 2977 654 3051 (u
674 2974 922 3052 inconveniens)
952 2978 1035 3057 apud
1055 2974 1165 3044 sorani

136 3095 209 3137 cum
224 3073 357 3149 leceris,
378 3095 444 3157 quo
463 3076 535 3136 loco
551 3075 711 3155 positurus
730 3076 787 3136 sim
809 3074 954 3156 ignorare
973 3089 1005 3137 te
1024 3079 1163 3143 simulas.

138 3175 224 3255 Quid
239 3174 483 3256 tergiversaris?
504 3175 588 3255 Quid
609 3175 734 3237 illudis?
753 3177 815 3237 Hic
830 3198 898 3239 mos
915 3178 1081 3241 Germanis
1091 3180 1163 3243 est?

110 3272 114 3277 ’
136 3272 211 3334 Hoc
228 3273 307 3334 boni
326 3274 387 3334 viri
407 3274 565 3335 officium?
592 3274 712 3338 Contra
730 3288 762 3336 tc
781 3299 846 3338 nou
867 3279 1012 3358 putabam
1032 3281 1160 3357 sactum,

136 3370 165 3434 si
184 3383 277 3434 autor
297 3392 417 3446 essem,
444 3394 510 3455 quo
534 3375 636 3437 miuus
656 3376 824 3439 haberetur
842 3379 875 3439 in
895 3380 1037 3441 manibus
1057 3382 1161 3445 crimi-

135 3492 217 3537 nosa
235 3472 359 3535 effictio.
397 3472 519 3537 Contra
544 3475 618 3536 me?
649 3477 713 3538 imo
741 3490 850 3539 contra
876 3477 946 3559 jus,
972 3481 1085 3564 fasque
1105 3484 1161 3545 abs

137 3581 169 3634 te
195 3572 312 3636 lactum
347 3574 565 3654 intelligebas,
598 3577 622 3638 si
655 3578 837 3640 memoriam
870 3580 917 3641 rei
947 3591 1008 3643 tam
1041 3580 1160 3645 celebri

137 3669 258 3753 judicio
283 3675 323 3735 ad
347 3676 538 3756 posteritatis
565 3679 741 3756 exemplum
761 3679 894 3759 coguitae
914 3679 1099 3758 irnluceres,
1133 3683 1160 3746 si

137 3784 230 3836 autor
248 3795 351 3850 esses,
382 3794 447 3854 quo
473 3776 576 3838 minus
596 3777 787 3839 haberentur
805 3778 838 3839 in
857 3780 1019 3869 manibus,
1052 3803 1159 3865 quaa
1193 3774 1200 3787 “

136 3875 287 3957 principis
307 3877 436 3937 decreto
456 3877 641 3956 penderent.
678 3879 729 3938 An
743 3878 784 3938 ita
799 3889 890 3958 potes
904 3870 983 3941 hauc¹
999 3884 1159 3947 fictionem

137 3975 306 4050 incusare,
343 3987 378 4036 ut
407 3975 488 4036 illam
518 3976 650 4039 Cusaris
678 3979 863 4041 sententiam
892 4002 958 4042 non
987 3982 1159 4063 improbes.

137 4075 181 4137 At
198 4096 265 4138 non
285 4074 429 4138 incusare
449 4076 505 4138 tibi
523 4078 658 4158 placuit,
682 4099 789 4161 neque
804 4080 853 4156 aa)
872 4079 1052 4162 improbare
1071 4086 1160 4148 libel·

135 4216 330 4235 *unu—-

172 4300 205 4373 ⁴)
223 4314 283 4359 stati
299 4318 372 4362 autc.
391 4318 454 4362 mitt
469 4330 539 4374 erre,
564 4327 590 4364 ct
608 4323 722 4379 credam,
749 4327 775 4367 et
790 4323 903 4379 patim
921 4318 1081 4369 anleserltrlre
1101 4324 1159 4372 νει·

171 4396 309 4457 tuimur.
346 4391 390 4461 *')
407 4414 502 4459 arrae.-
524 4414 582 4450 usu.
