2632 5086
616 130 623 149 .

373 688 614 790 inspicientes
635 692 823 793 Dialogus.
1029 704 1101 775 613

87 898 218 963 invitant
237 921 272 963 se
288 896 372 963 haud
387 896 512 962 solliciti
525 898 565 960 de
579 896 814 973 conservandis,
833 918 904 981 qun
917 914 1104 983 rapuerunt,

86 1001 229 1082 oppidis,
261 1012 293 1062 et
311 999 453 1064 urbibus.
488 1002 531 1061 Et
549 1018 660 1081 parare
686 994 816 1076 quidem
832 1002 962 1081 imperia
980 1005 1103 1081 volunt,

87 1121 123 1161 ac
143 1112 291 1180 possunt,
320 1101 477 1178 retinere,
510 1111 541 1162 et
559 1098 644 1160 tueri
661 1118 728 1160 non
751 1115 879 1178 curant,
911 1100 954 1165 ita
972 1102 1104 1167 vincera

87 1201 205 1277 sciunt,
225 1200 358 1263 victoria
375 1200 441 1263 frui
459 1200 614 1263 nesciunt.

477 1300 708 1363 Phaethon.

161 1401 267 1481 ipsum
287 1400 321 1463 id
340 1399 450 1463 videre
469 1401 557 1462 licuit
575 1398 790 1480 superioribus
810 1398 915 1476 anatis,
938 1403 1023 1481 apud
1043 1403 1106 1468 Pa.

87 1500 219 1577 tarium,
243 1503 438 1575 vicentiam,
459 1511 490 1561 et
511 1499 705 1575 'l'arvisium‚
727 1520 805 1582 quas
828 1500 976 1578 presidio
990 1504 1102 1578 nudas,

86 1623 156 1663 cnm
175 1612 283 1663 tenere
303 1602 447 1662 facillime
468 1612 617 1679 possent,
648 1602 735 1666 nullo
759 1598 891 1681 negotio
910 1619 1102 1681 recuperan-
1169 1668 1178 1697 ι

87 1701 141 1763 das
161 1700 295 1763 Venetis
315 1702 537 1763 deseruerunt.

552 1798 641 1863 Sol.

160 1900 324 1963 Veronam
342 1911 447 1964 autem
465 1918 533 1985 quo
551 1898 686 1963 eonsdio
704 1897 902 1963 tenuerunt?

483 2000 712 2064 Phaethon.
860 1990 866 2003 '

160 2097 261 2163 lmrno
281 2099 355 2183 quia
375 2099 539 2164 consilium
556 2120 624 2163 uon
649 2110 734 2173 erat,
762 2095 944 2161 amiserunt.
981 2098 1046 2166 Sed
1064 2098 1107 2167 da

86 2197 233 2279 Hispanis
255 2201 333 2283 quid
351 2199 500 2265 videtur?
519 2203 629 2285 qudea
645 2196 670 2263 ii
687 2199 856 2261 bellatores
876 2200 975 2261 sunt?

550 2298 639 2363 Sol.

159 2401 277 2477 Fures,
305 2403 395 2475 nate!
422 2399 562 2483 inprimis
582 2398 766 2481 diligentes,
785 2396 906 2462 strenui
925 2408 1047 2472 tamen,
1069 2406 1105 2461 at

84 2501 196 2583 aliqui,
225 2516 297 2562 sunt
318 2503 400 2561 enlm
418 2499 566 2575 exerciti,
599 2512 630 2561 et
651 2499 850 2577 disciplinam
868 2507 1007 2571 tenent,¹
1026 2517 1106 2577 prse-

84 2611 293 2671 temerares,
326 2610 357 2660 et
377 2600 520 2661 fidentes.
576 2597 640 2660 Sed
657 2596 857 2679 inspiciamus
886 2594 1104 2672 Germaniam,

84 2699 159 2783 quia
175 2718 260 2760 nunc
276 2700 427 2760 turnultus
441 2708 490 2759 est
503 2696 563 2772 ibi,
584 2709 620 2759 ut
638 2718 778 2780 unquam
794 2698 897 2779 prius,
915 2701 1105 2761 vehemente

83 2800 211 2864 dimove
229 2797 349 2873 nubes,
370 2799 517 2862 Rhenum
540 2797 652 2872 video,
672 2818 821 2879 maguum
840 2796 1004 2877 potestat'n
1025 2815 1106 2859 mea

83 2910 319 2983 argumentum,
336 2919 489 2982 perquam
503 2898 672 2960 niaximum
686 2896 816 2959 fluvium
829 2908 914 2959 totus
930 2895 1106 2975 septentrio

82 3013 179 3084 ponte
200 2998 397 3081 conjmrgere
416 2998 544 3081 nequit,
564 3019 627 3081 ego
646 2997 754 3078 paucis
773 2992 894 3075 aliquot
912 2993 999 3054 horis
1020 3010 1104 3073 pena

81 3106 204 3180 exnssi,
225 3114 257 3166 te
276 3100 451 3182 imperitius
471 3110 548 3163 timo
566 3112 697 3181 regente
715 3110 844 3168 canus,
864 3102 900 3154 ut
918 3091 1106 3155 adureretur

80 3204 227 3265 muudus.

1194 2774 1217 2829 l

156 3401 246 3477 Heu,
278 3402 382 3481 pater!
410 3299 554 3466 mealidrd
566 3298 795 3463 ‹idrillelicitdtum
812 3388 891 3477 quid
919 3388 1010 3473 juvat
1037 3408 1103 3455 ma

82 3497 210 3562 minisse
230 3499 284 3562 tel

160 3700 234 3762 Hoc
253 3698 345 3783 quod
364 3699 403 3762 ab
422 3697 460 3763 iis
480 3598 628 3764 Deussoei
644 3696 761 3769 lactus,
794 3688 852 3776 qui
876 3687 938 3756 nisi
963 3708 1102 3755 errasm

80 3800 139 3878 ibi,
155 3821 191 3863 ao
207 3799 240 3862 in
255 3799 428 3863 Eridanum
441 3798 582 3879 abjectus
599 3816 736 3879 preceps
750 3804 879 3857 renatus
892 3810 997 3867 uses,
1014 3786 1099 3855 haud

79 3907 142 3985 jam
161 3902 245 3969 Solis
264 3923 393 3966 currum
411 3902 512 3983 perite
532 3899 710 3981 gubernare
730 3894 838 3958 scires.
896 3963 902 3977 ‚

468 4000 553 4063 Pha
564 4000 710 4062 tithan.

155 4108 203 4171 lta
221 4122 287 4180 est;
306 4124 420 4168 verum
437 4112 542 4165 motus
561 4100 596 4163 in
616 4092 786 4161 Germania
805 4087 884 4177 qui?
902 4086 1026 4156 Armati
1043 4078 1100 4163 illl,

80 4206 216 4272 inermes
235 4205 303 4281 alii,
330 4203 363 4268 hi
383 4208 608 4277 accelerantes,
637 4195 766 4283 quidam
784 4193 869 4257 harad
888 4192 930 4253 ita
947 4190 1101 4255 festinan·

79 4317 145 4384 ter,
165 4328 265 4370 unum
286 4325 395 4368 ornnes
415 4305 455 4368 ad
473 4309 576 4377 locum
598 4300 793 4362 conveniunt
799 4340 809 4371 ,
830 4293 885 4356 ubi
897 4284 1100 4354 diossedera

112 4432 182 4480 natu
200 4433 245 4493 op.
262 4432 290 4480 r.
306 4432 348 4481 111.
762 4404 810 4474 33
