2632 5086
329 746 457 822 Febris
483 748 651 823 Secunde
679 684 866 850 Dialogus.
1037 750 1109 829 403

511 941 693 1005 Hirtten.

159 1039 234 1102 Non
253 1039 381 1104 uidebat
401 1040 524 1104 interim
549 1042 710 1106 exhauriri
734 1040 887 1106 domum?
915 1036 927 1072 ’·

517 1141 678 1206 Febris.

159 1240 243 1303 Nihil
262 1240 373 1305 vident
390 1255 560 1317 amatores,
583 1263 683 1307 eaecus
704 1254 752 1308 est
770 1244 821 1308 ille
841 1243 926 1308 enim
941 1244 1040 1310 Deus.

509 1343 672 1406 Hutten.
712 1365 716 1373 ¹

157 1441 226 1502 Nec
244 1441 397 1504 sentiebat
417 1442 517 1504 ilem?

277 1528 280 1533 ⁴
515 1540 680 1604 Febris.

157 1639 268 1704 Minus
291 1661 385 1724 quam
406 1643 486 1704 ullus
509 1663 598 1722 puer.
668 1677 671 1681 ⁴

516 1744 678 1806 Hullen.

160 1841 284 1924 Egebat
304 1842 477 1909 admonitu.

519 1938 676 2007 Febris.

157 2043 232 2103 Non
252 2044 417 2119 audiebat,
442 2064 515 2120 narn
535 2055 569 2107 ut
589 2042 766 2110 Menander
787 2041 906 2128 inquil:
935 2046 1018 2124 φύσει
1039 2044 1105 2128 iper

82 2148 134 2204 sori
155 2151 349 2207 νουθιτοῦντος
367 2146 472 2223 sepis.

517 2243 682 2307 Hulteu.

157 2342 288 2408 lnsa'nos
317 2346 526 2426 Thespienses
550 2344 663 2427 igitur,
694 2342 749 2428 qui
768 2343 861 2408 ludos
884 2354 920 2406 ul
939 2343 1031 2417 Jovi,
1044 2367 1047 2375 ¹
1059 2344 1105 2406 sic

83 2447 183 2508 amori
202 2446 373 2523 iaciebant,
395 2447 422 2508 si
442 2446 571 2529 quidem
589 2446 654 2507 haec
673 2455 746 2509 sunt
765 2443 876 2527 abillo
897 2443 1105 2506 incommoda.

520 2544 676 2607 Febris.

160 2645 218 2706 His
244 2657 329 2706 certe
357 2656 445 2722 sunl,
477 2646 532 2728 qui
556 2654 642 2707 reete
662 2665 727 2707 non
747 2655 865 2719 amant,
894 2643 1014 2727 quippe
1035 2663 1107 2708 eor·

85 2746 173 2829 poris
206 2746 286 2808 illam
316 2748 455 2812 admirati
485 2745 769 2828 pulchritudinem,
801 2766 872 2807 nam
900 2742 989 2809 aliter
1010 2756 1108 2830 egum

87 2850 248 2927 φιλόκαλοι
267 2849 309 2911 illi
318 2896 327 2926 ,
355 2849 388 2912 id
408 2860 459 2911 est·
475 2848 598 2912 honesti
618 2858 782 2910 amatores.

171 2962 174 2969 '
504 2950 683 3010 Hulteu.

162 3054 276 3134 Quales
299 3060 373 3113 suut
394 3070 513 3112 uxores
541 3047 596 3132 qui
616 3046 744 3111 amant?

515 3148 679 3211 Febris.

160 3253 277 3333 Quales
297 3262 371 3315 sunt
392 3249 520 3311 omuino
542 3249 647 3332 aliqui.

417 3398 423 3408 .
515 3351 682 3413 Hulten.

162 3453 312 3535 Magnam
341 3472 410 3513 esse
445 3471 567 3529 posnam
595 3451 759 3533 intelligo,
797 3472 900 3516 amare
931 3453 992 3514 hoc
1018 3448 1108 3534 quod

88 3553 218 3615 amabile
238 3553 381 3639 nonsit,
406 3564 437 3615 et
458 3552 531 3633 cogi
552 3564 654 3613 tamen
675 3545 787 3615 aurae.

506 3651 690 3715 Febris.

162 3748 212 3813 Ae
230 3748 352 3831 perdite
372 3753 464 3816 etiam
484 3752 568 3833 cogi.
776 3746 779 3751 ’

518 3856 687 3919 liutten.

168 3952 245 4034 Quae
265 3951 334 4015 illos
353 3954 510 4017 dementia
530 3966 762 4031 scrutantem,
781 3952 863 4018 sicut
881 3953 1035 4020 delirent?

515 4054 687 4118 Febris.
929 4114 934 4119 .

164 4153 247 4233 Quia
273 4151 357 4217 euim
386 4175 468 4235 puer
493 4165 540 4219 est
565 4177 669 4233 amor,
699 4157 743 4220 eb
768 4155 801 4219 id
826 4157 989 4236 pueriliter
1015 4164 1134 4247 agunt¹

92 4264 254 4319 amatores.
303 4257 345 4318 Et
371 4255 446 4338 quia
469 4258 548 4318 levis
565 4268 613 4320 est
631 4256 730 4336 ineu,
760 4278 796 4320 ac
815 4257 964 4333 volatilis,
991 4249 1111 4318 idcirce

93 4355 277 4435 gravitatem
297 4355 445 4440 ablegant
465 4357 503 4418 ab
524 4377 574 4435 se,
596 4356 789 4441 quierunt,
810 4378 930 4423 omnes.
