2632 5086
375 710 618 814 inspicientes
647 710 837 829 Dinlogm.
1045 718 1115 791 ⁶21

497 908 722 973 Phaethon.

175 1015 296 1077 Fontes
321 1021 393 1073 nnn
417 1009 464 1072 ibi
492 1029 588 1086 reor,
625 1018 661 1071 ut
687 1025 757 1071 erre
783 1007 869 1090 apud
899 1007 1121 1093 Pephirgonu

101 1114 207 1198 ajunt,
228 1114 282 1199 qui
304 1109 486 1176 inebrient?

565 1213 620 1275 So
633 1214 654 1274 l.

174 1312 288 1394 Neque
303 1313 326 1373 ii
341 1327 433 1387 sunt,
454 1312 572 1395 alioqui
591 1327 813 1394 rumperentur
829 1311 988 1389 bibendo,
1007 1330 1120 1375 verum

97 1415 208 1477 herbas
240 1416 391 1497 quasdam
423 1427 647 1496 concoquunt,
681 1428 714 1475 et
741 1412 877 1497 fruges,
910 1433 951 1475 eo
984 1413 1118 1475 decocto

100 1517 264 1578 temulenti
282 1518 372 1577 liunt.
676 1546 678 1550 ·

500 1611 718 1695 Phaethon.

172 1716 299 1795 Optime
318 1712 479 1776 inventum
497 1713 576 1788 hoc,
596 1704 748 1795 quantum
765 1710 834 1776 vini
851 1711 924 1776 eaor
936 1719 1018 1774 erret
1035 1708 1119 1773 eninr

99 1815 144 1880 sic
163 1812 449 1896 ingurgitantibus?

419 1904 432 1931 ‘
566 1911 656 1975 sot.

177 2014 336 2093 Quantum
356 2021 420 2074 tota
438 2032 504 2074 non
523 2012 625 2093 gignit
645 2009 824 2075 Gennrnin.

499 2112 722 2176 Pha'e'thon.

173 2212 296 2277 Verum
315 2233 425 2276 sensns
446 2223 513 2289 est,
539 2226 575 2274 ut
593 2214 681 2291 aliis,
708 2212 782 2276 buio
800 2208 964 2276 bominum
981 2208 1118 2296 generi?

96 2323 129 2377 et
146 2313 301 2377 rationem
319 2313 461 2377 hebent?

561 2417 653 2479 Sol.

171 2513 321 2587 Habent,
355 2524 388 2577 et
405 2515 549 2577 sensibus
570 2514 699 2596 vigent,
717 2522 754 2576 ut
772 2513 835 2576 atii.

501 2599 716 2676 Pha'e'thon.

172 2712 267 2775 Adeo
296 2710 365 2775 sine
393 2725 585 2777 nocumento
611 2714 700 2796 quod
724 2711 1012 2798 ingurgitaverunt,
1038 2728 1117 2793 erne

98 2812 209 2875 munt?

527 2994 531 3003 .
559 2914 645 2978 Sol.

171 3011 282 3086 Ade03
313 3032 383 3076 nem
411 3013 566 3077 civitatem
585 3035 673 3078 suam
691 3030 786 3076 nemo
805 3011 923 3072 rectius
942 3008 1116 3091 gubernat,

95 3109 193 3173 tutius
222 3133 318 3175 nemo
343 3113 440 3189 vivit,
477 3115 529 3177 vei
556 3115 689 3179 aliorum
707 3110 840 3195 injurias
863 3108 987 3173 feticius
1012 3124 1128 3184 arcete·

95 3209 178 3274 bello
200 3224 304 3277 autem
325 3224 397 3275 runt
413 3212 532 3277 invicti.

485 3315 706 3378 Pha'efthon.
737 3354 745 3363 -

169 3411 337 3476 Desinrros
356 3434 495 3497 unquam
514 3415 625 3478 bibere
645 3416 703 3478 bor
723 3408 907 3478 arbitreris?

553 3516 646 3579 Sol.

172 3609 273 3673 Valde
292 3612 415 3676 dubito.

479 3715 700 3780 Phe'e‘thon.

168 3810 235 3874 Aut
254 3810 281 3874 ri
301 3811 465 3892 desinant,
484 3816 542 3877 hor
562 3826 743 3881 retentum
761 3836 819 3881 eor
837 3815 970 3881 morer?

552 3916 639 3981 Sol.

168 4012 201 4077 Si
220 4013 344 4093 possint
362 4025 394 4077 et
412 4016 488 4080 talen
507 4035 599 4094 erte,
627 4032 660 4082 et
677 4018 785 4083 sobrie
805 4017 936 4093 vivere,
963 4014 1112 4099 equidem

96 4112 209 4178 nullam
232 4115 277 4177 his
306 4119 465 4180 nationem
483 4119 663 4199 pretulero.

479 4225 701 4290 Phaethon.

167 4319 365 4401 Corporibus
385 4336 489 4389 eutem
508 4337 544 4389 ut
563 4338 636 4395 runt
655 4326 823 4395 hominu?
