2632 5086
389 751 438 824 ad
462 747 653 827 Albertum
677 752 839 854 Princip.
862 756 925 833 lib.
1032 784 1035 791 ·
1104 768 1176 845 28⁹

144 958 265 1029 septem
280 947 532 1024 perseveraverit
549 945 777 1023 hebdomadas,
795 950 919 1014 alternis
936 963 1051 1017 tantum
1066 950 1177 1018 diebus

143 1066 252 1130 aquam
271 1045 490 1109 exorbentem.
528 1045 708 1133 ltornmque
727 1047 842 1114 Plinius
862 1050 953 1128 dicit,
980 1072 1177 1134 compertum

143 1146 204 1209 sssti
224 1147 355 1225 Scythas
374 1145 407 1209 in
424 1145 589 1210 duodenas
608 1167 837 1232 nonnunquam
856 1151 942 1226 dies,
970 1152 1053 1217 lame
1074 1165 1107 1217 et
1124 1155 1177 1217 siti

143 1250 280 1322 durare,
303 1246 453 1330 quasdam
470 1250 572 1309 solum
590 1248 703 1323 herbas
720 1246 755 1310 in
768 1270 826 1312 ore
842 1251 1004 1318 habentes.
1043 1256 1176 1319 Ammo·

143 1349 232 1411 ninm
267 1349 490 1428 philosophum
525 1347 739 1411 Christianum
770 1371 933 1435 utinquam
973 1354 1077 1418 edisse
1114 1354 1175 1419 nisi

144 1470 257 1529 panem
286 1469 391 1510 assum
417 1448 535 1510 serrant.
583 1449 681 1529 Quod
707 1450 734 1513 si
758 1464 885 1532 reputet
914 1454 1007 1538 quis,
1042 1468 1075 1520 et
1099 1457 1176 1520 illud

144 1549 238 1611 etium
257 1549 456 1624 meminerit,
477 1550 516 1610 ab
535 1549 693 1613 historicis
714 1552 881 1629 traditum,
910 1576 952 1616 ex
973 1556 1079 1639 Magis
1101 1557 1176 1621 olim

144 1651 315 1734 quosdam,
336 1661 448 1730 preater
467 1649 602 1712 farinam
614 1648 654 1710 ‘et
672 1653 759 1714 olera
778 1653 810 1714 in
830 1655 936 1716 cibum
955 1655 1031 1717 nihil
1051 1659 1176 1720 adsum·

142 1752 253 1832 psisse.
292 1751 333 1811 Et
355 1750 536 1813 Diodorum
561 1746 701 1813 scribere
725 1750 837 1832 priscis
855 1755 1023 1838 Aegyptiis
1049 1757 1175 1834 herbas,-

143 1854 330 1934 radicesque
350 1852 469 1915 victum
490 1851 609 1929 luisse,
636 1872 674 1915 ae
693 1850 871 1916 Hesiodum
890 1875 1042 1932 monere,
1071 1859 1173 1919 malva

145 1966 176 2015 et
197 1953 368 2034 asphodelo
398 1952 621 2025 victitandum,
648 1973 714 2035 quo
735 1952 811 2016 item
830 1954 933 2018 vietus
953 1975 1083 2038 genere.
1097 1977 1176 2020 con·

145 2065 267 2115 tentum
288 2052 426 2116 interdiu
447 2051 686 2132 Epimenidem,
713 2053 804 2116 Plato
826 2053 860 2116 in
879 2053 1002 2137 legibus
1021 2056 1174 2120 meminit.

145 2156 179 2218 Si
199 2154 271 2238 quis
289 2154 354 2216 haec
373 2153 433 2214 sibi
455 2163 636 2233 proponat,
663 2152 814 2236 inquam,
833 2165 865 2215 et
886 2154 1085 2232 consideret,
1105 2169 1173 2221 tum

144 2253 1175 2338 mmmmmmmamfflmmmmm

142 2360 329 2439 plusquam
355 2375 436 2433 opus
464 2352 505 2415 sit
523 2353 699 2416 adsumere.
738 2353 837 2436 Quod
861 2353 889 2418 si
914 2375 1064 2436 magnum
1088 2367 1174 2421 esset

141 2459 233 2519 etiam
247 2457 399 2518 tantillum
411 2454 569 2515 abstinere
585 2459 600 2515 h
613 2453 703 2528 cibo,
716 2454 787 2537 qrris
800 2465 849 2517 est
859 2455 899 2519 ita
914 2464 1016 2518 tamen
1029 2455 1174 2520 inimicus

142 2552 1176 2639 fflwmmwoemmmfflmmffioemmMmmm?

143 2659 200 2740 qui
215 2677 280 2718 non
293 2654 378 2718 malit
394 2655 518 2736 triginta
534 2655 601 2716 dies
614 2654 744 2731 samem,
762 2675 856 2737 quam
866 2655 899 2719 in
913 2655 1000 2718 omni
1013 2655 1077 2719 vita
1089 2674 1176 2720 mor·

142 2759 224 2820 bum
241 2755 351 2819 tene?
368 2765 420 2815 aut
435 2754 539 2834 potins
558 2765 605 2815 tot
619 2752 756 2816 dieculas
769 2755 908 2832 esurire,
925 2755 1005 2818 utin
1020 2755 1175 2839 reliquum

144 2859 217 2919 vitm
239 2869 362 2938 tempus
383 2852 547 2917 incolumis
572 2865 605 2915 et
626 2874 718 2915 sanus
743 2853 873 2933 existat,
906 2877 997 2940 quam
1020 2868 1175 2938 perpetuo

143 2953 1174 3039 mmmmfflmMmmmmmmmammfflw,

142 3058 291 3141 exiguam
322 3057 436 3138 sugere
465 3051 665 3118 molestiam?
712 3054 800 3117 Duxi
827 3065 930 3116 autem
958 3076 1023 3117 non
1054 3074 1175 3117 novum

141 3181 211 3224 esse
238 3160 299 3222 hoe
318 3155 489 3219 curationis
510 3178 628 3240 genus,
665 3175 790 3234 semper
814 3153 899 3217 enim
927 3153 1037 3236 optimi
1060 3153 1176 3217 medici

141 3258 359 3323 abstinentiam
374 3258 559 3319 indixerunt
574 3254 683 3334 angria,
703 3256 786 3317 inter
799 3273 882 3337 quos
896 3254 1119 3335 Asclepiades,
1139 3263 1175 3327 rat

142 3359 254 3423 Celsus
262 3358 388 3439 prodit,
399 3356 467 3439 ipsa
478 3358 635 3439 praecipue
646 3357 685 3417 od
695 3354 870 3418 remedium
880 3353 980 3417 lebria
990 3355 1038 3417 uti
1051 3374 1087 3418 se
1100 3370 1175 3436 pro·

142 3458 246 3522 lessius
258 3469 315 3534 est,
327 3458 550 3520 conuellendas
562 3467 674 3539 putans
687 3455 761 3539 aegri
774 3456 869 3530 vires,
889 3455 971 3529 lnce,
982 3453 1103 3536 vigilia,
1122 3452 1173 3516 siti

144 3552 1174 3642 mffldfflmmmmwmfflmmmfflffimmmt

146 3657 365 3734 Continentia,
389 3657 494 3742 inquit
506 3658 681 3735 Eusebius,
702 3653 847 3735 corporis
866 3654 1080 3717 valetudinem
1097 3673 1175 3715 eon·

145 3769 267 3835 servat,
285 3773 317 3823 et
333 3759 427 3822 animi
451 3758 644 3840 pudicitiam.
675 3758 750 3836 Quo
767 3762 953 3837 argumento
971 3754 1057 3816 carni
1072 3751 1174 3827 simul,

143 3871 178 3923 et
203 3859 311 3923 anime
335 3859 443 3923 utilem
467 3879 558 3933 esse,
592 3856 752 3921 modicum
776 3865 809 3916 et
834 3864 1042 3936 temperatum
1070 3849 1175 3914 cibum

142 3958 366 4042 cognoscitur,
386 3969 520 4023 testante
536 3957 721 4033 Timotheo,
741 3954 889 4039 quicum
909 3954 994 4037 apud
1010 3950 1176 4016 Platonem

140 4073 296 4127 coenasset
307 4059 496 4144 aliquando,
517 4069 612 4141 atquc
630 4056 657 4119 is
670 4075 730 4119 suo
742 4075 833 4119 more
846 4053 952 4135 cibum
963 4051 1176 4141 apposuisset,

141 4165 182 4227 ad
198 4183 275 4227 siros
295 4173 369 4245 post
390 4180 586 4234 conuersus,
607 4155 727 4220 dixisse
751 4156 873 4219 fertur:
901 4156 992 4235 Quos
1009 4172 1100 4215 coena
1120 4173 1177 4216 exe

142 4263 266 4346 ceperit
284 4259 398 4338 Plato,
416 4259 451 4323 in
470 4270 634 4342 posterum
652 4256 745 4319 etiam
763 4256 847 4319 bene
870 4253 998 4331 habent.
1036 4254 1111 4318 Hoc
1128 4252 1177 4317 in·

142 4385 247 4429 nuens
266 4363 408 4436 scilicet,
436 4360 563 4429 nimiam
585 4357 810 4439 repletionem,
835 4365 889 4420 aut
907 4355 1105 4420 ferculorum
1122 4371 1177 4415 vn·

180 4497 404 4558 qunm
791 4468 832 4541 w
