<?xml version="1.0" encoding="UTF-8"?>
<!DOCTYPE html PUBLIC "-//W3C//DTD XHTML 1.0 Transitional//EN"
    "http://www.w3.org/TR/xhtml1/DTD/xhtml1-transitional.dtd">
<html xmlns="http://www.w3.org/1999/xhtml" xml:lang="en" lang="en">
 <head>
  <title>
</title>
<meta http-equiv="Content-Type" content="text/html;charset=utf-8" />
  <meta name='ocr-system' content='tesseract 3.04.00' />
  <meta name='ocr-capabilities' content='ocr_page ocr_carea ocr_par ocr_line ocrx_word'/>
</head>
<body>
  <div class='ocr_page' id='page_1' title='image "./ulrichiabhutten02mngoog_0255.png"; bbox 0 0 2632 5086; ppageno 0'>
   <div class='ocr_carea' id='block_1_1' title="bbox 333 762 1136 880">
    <p class='ocr_par' dir='ltr' id='par_1_1' title="bbox 333 762 1136 880">
     <span class='ocr_line' id='line_1_1' title="bbox 333 762 1136 880; baseline 0.011 -28"><span class='ocrx_word' id='word_1_1' title='bbox 333 779 380 852; x_wconf 87' lang='lat' dir='ltr'>ad</span> <span class='ocrx_word' id='word_1_2' title='bbox 404 777 594 867; x_wconf 70' lang='lat' dir='ltr'>albertum</span> <span class='ocrx_word' id='word_1_3' title='bbox 618 762 777 879; x_wconf 74' lang='lat' dir='ltr'>Prirteip.</span> <span class='ocrx_word' id='word_1_4' title='bbox 802 783 910 880; x_wconf 85' lang='lat' dir='ltr'>prees.</span> <span class='ocrx_word' id='word_1_5' title='bbox 1065 785 1136 861; x_wconf 64' lang='lat'>245</span> 
     </span>
    </p>
   </div>
   <div class='ocr_carea' id='block_1_2' title="bbox 73 962 1146 4381">
    <p class='ocr_par' dir='ltr' id='par_1_2' title="bbox 73 962 1146 4381">
     <span class='ocr_line' id='line_1_2' title="bbox 115 962 1136 1056; baseline 0.005 -18"><span class='ocrx_word' id='word_1_6' title='bbox 115 989 167 1038; x_wconf 87' lang='lat' dir='ltr'>tus</span> <span class='ocrx_word' id='word_1_7' title='bbox 195 973 335 1056; x_wconf 84' lang='lat' dir='ltr'>legitur,</span> <span class='ocrx_word' id='word_1_8' title='bbox 372 984 404 1034; x_wconf 84' lang='lat' dir='ltr'>et</span> <span class='ocrx_word' id='word_1_9' title='bbox 429 973 589 1037; x_wconf 88' lang='lat' dir='ltr'>communi</span> <span class='ocrx_word' id='word_1_10' title='bbox 624 974 764 1038; x_wconf 90' lang='lat' dir='ltr'>omnium</span> <span class='ocrx_word' id='word_1_11' title='bbox 790 962 951 1039; x_wconf 62' lang='lat' dir='ltr'>conteneo</span> <span class='ocrx_word' id='word_1_12' title='bbox 979 977 1136 1056; x_wconf 75' lang='lat' dir='ltr'>sapienter</span> 
     </span>
     <span class='ocr_line' id='line_1_3' title="bbox 117 1074 631 1158; baseline -0.01 -19"><span class='ocrx_word' id='word_1_13' title='bbox 117 1096 208 1139; x_wconf 88' lang='lat' dir='ltr'>orare</span> <span class='ocrx_word' id='word_1_14' title='bbox 227 1075 418 1149; x_wconf 85' lang='lat' dir='ltr'>ereduntur,</span> <span class='ocrx_word' id='word_1_15' title='bbox 440 1074 496 1158; x_wconf 85' lang='lat' dir='ltr'>qui</span> <span class='ocrx_word' id='word_1_16' title='bbox 518 1084 631 1150; x_wconf 87' lang='lat' dir='ltr'>orant,</span> 
     </span>
     <span class='ocr_line' id='line_1_4' title="bbox 320 1184 934 1255; baseline 0.005 -15"><span class='ocrx_word' id='word_1_17' title='bbox 320 1187 361 1240; x_wconf 77' lang='lat' dir='ltr'>Ut</span> <span class='ocrx_word' id='word_1_18' title='bbox 377 1184 421 1241; x_wconf 76' lang='lat' dir='ltr'>stt</span> <span class='ocrx_word' id='word_1_19' title='bbox 436 1200 524 1240; x_wconf 83' lang='lat' dir='ltr'>mens</span> <span class='ocrx_word' id='word_1_20' title='bbox 541 1202 624 1239; x_wconf 81' lang='lat' dir='ltr'>sana</span> <span class='ocrx_word' id='word_1_21' title='bbox 642 1186 676 1240; x_wconf 83' lang='lat' dir='ltr'>in</span> <span class='ocrx_word' id='word_1_22' title='bbox 695 1203 826 1255; x_wconf 79' lang='lat' dir='ltr'>corpore</span> <span class='ocrx_word' id='word_1_23' title='bbox 843 1205 934 1243; x_wconf 82' lang='lat' dir='ltr'>sono.</span> 
     </span>
     <span class='ocr_line' id='line_1_5' title="bbox 114 1276 1137 1361; baseline -0.001 -19"><span class='ocrx_word' id='word_1_24' title='bbox 114 1278 258 1343; x_wconf 79' lang='lat' dir='ltr'><strong>Proinde</strong></span> <span class='ocrx_word' id='word_1_25' title='bbox 278 1279 363 1339; x_wconf 83' lang='lat' dir='ltr'>hunc</span> <span class='ocrx_word' id='word_1_26' title='bbox 380 1276 515 1338; x_wconf 79' lang='lat' dir='ltr'><strong>maxime</strong></span> <span class='ocrx_word' id='word_1_27' title='bbox 529 1296 672 1356; x_wconf 84' lang='lat' dir='ltr'>campum</span> <span class='ocrx_word' id='word_1_28' title='bbox 692 1278 765 1339; x_wconf 87' lang='lat' dir='ltr'>mihi</span> <span class='ocrx_word' id='word_1_29' title='bbox 779 1279 883 1361; x_wconf 83' lang='lat' dir='ltr'>delegi</span> <span class='ocrx_word' id='word_1_30' title='bbox 902 1282 963 1341; x_wconf 89' lang='lat' dir='ltr'>hoc</span> <span class='ocrx_word' id='word_1_31' title='bbox 981 1290 1137 1361; x_wconf 80' lang='lat' dir='ltr'>tempore,</span> 
     </span>
     <span class='ocr_line' id='line_1_6' title="bbox 114 1377 1137 1462; baseline 0 -21"><span class='ocrx_word' id='word_1_32' title='bbox 114 1381 235 1462; x_wconf 88' lang='lat' dir='ltr'>inquo</span> <span class='ocrx_word' id='word_1_33' title='bbox 258 1380 340 1452; x_wconf 80' lang='lat' dir='ltr'>hrec,</span> <span class='ocrx_word' id='word_1_34' title='bbox 374 1377 473 1460; x_wconf 81' lang='lat' dir='ltr'>qualis</span> <span class='ocrx_word' id='word_1_35' title='bbox 496 1378 594 1460; x_wconf 83' lang='lat' dir='ltr'>qualis</span> <span class='ocrx_word' id='word_1_36' title='bbox 616 1388 676 1449; x_wconf 85' lang='lat' dir='ltr'>est,</span> <span class='ocrx_word' id='word_1_37' title='bbox 698 1400 778 1440; x_wconf 72' lang='lat' dir='ltr'>vena</span> <span class='ocrx_word' id='word_1_38' title='bbox 803 1391 986 1458; x_wconf 84' lang='lat' dir='ltr'>procurrat,</span> <span class='ocrx_word' id='word_1_39' title='bbox 1015 1378 1040 1439; x_wconf 85' lang='lat' dir='ltr'>si</span> <span class='ocrx_word' id='word_1_40' title='bbox 1060 1399 1137 1455; x_wconf 86' lang='lat' dir='ltr'>non,</span> 
     </span>
     <span class='ocr_line' id='line_1_7' title="bbox 115 1479 1137 1562; baseline 0.003 -22"><span class='ocrx_word' id='word_1_41' title='bbox 115 1492 150 1540; x_wconf 82' lang='lat' dir='ltr'>nt</span> <span class='ocrx_word' id='word_1_42' title='bbox 169 1481 285 1553; x_wconf 83' lang='lat' dir='ltr'>debet,</span> <span class='ocrx_word' id='word_1_43' title='bbox 312 1481 420 1541; x_wconf 84' lang='lat' dir='ltr'>saltem</span> <span class='ocrx_word' id='word_1_44' title='bbox 445 1489 480 1540; x_wconf 92' lang='lat' dir='ltr'>ut</span> <span class='ocrx_word' id='word_1_45' title='bbox 498 1489 624 1559; x_wconf 83' lang='lat' dir='ltr'>potest,</span> <span class='ocrx_word' id='word_1_46' title='bbox 651 1499 749 1562; x_wconf 86' lang='lat' dir='ltr'>quum</span> <span class='ocrx_word' id='word_1_47' title='bbox 769 1479 848 1541; x_wconf 79' lang='lat' dir='ltr'>illiue</span> <span class='ocrx_word' id='word_1_48' title='bbox 868 1491 900 1542; x_wconf 83' lang='lat' dir='ltr'>te</span> <span class='ocrx_word' id='word_1_49' title='bbox 918 1498 1137 1561; x_wconf 72' lang='lat' dir='ltr'>premooeam,</span> 
     </span>
     <span class='ocr_line' id='line_1_8' title="bbox 111 1579 319 1663; baseline -0.01 -22"><span class='ocrx_word' id='word_1_50' title='bbox 111 1583 214 1663; x_wconf 65' lang='lat' dir='ltr'>vulgo</span> <span class='ocrx_word' id='word_1_51' title='bbox 235 1579 319 1642; x_wconf 82' lang='lat' dir='ltr'>triti:</span> 
     </span>
     <span class='ocr_line' id='line_1_9' title="bbox 212 1686 1040 1754; baseline 0.005 -12"><span class='ocrx_word' id='word_1_52' title='bbox 212 1691 252 1742; x_wconf 74' lang='lat' dir='ltr'>lit</span> <span class='ocrx_word' id='word_1_53' title='bbox 269 1689 373 1744; x_wconf 80' lang='lat' dir='ltr'><em>desint</em></span> <span class='ocrx_word' id='word_1_54' title='bbox 390 1690 491 1754; x_wconf 75' lang='lat' dir='ltr'>eires,</span> <span class='ocrx_word' id='word_1_55' title='bbox 510 1695 615 1742; x_wconf 82' lang='lat' dir='ltr'>tamen</span> <span class='ocrx_word' id='word_1_56' title='bbox 637 1686 689 1745; x_wconf 67' lang='lat' dir='ltr'>ertv</span> <span class='ocrx_word' id='word_1_57' title='bbox 700 1691 866 1746; x_wconf 81' lang='lat' dir='ltr'>laudanda</span> <span class='ocrx_word' id='word_1_58' title='bbox 884 1692 1040 1747; x_wconf 80' lang='lat' dir='ltr'>voluntas.</span> 
     </span>
     <span class='ocr_line' id='line_1_10' title="bbox 116 1780 1140 1865; baseline 0.001 -22"><span class='ocrx_word' id='word_1_59' title='bbox 116 1780 149 1844; x_wconf 91' lang='lat' dir='ltr'>Si</span> <span class='ocrx_word' id='word_1_60' title='bbox 176 1802 240 1864; x_wconf 87' lang='lat' dir='ltr'>quo</span> <span class='ocrx_word' id='word_1_61' title='bbox 266 1781 407 1862; x_wconf 88' lang='lat' dir='ltr'>impetu,</span> <span class='ocrx_word' id='word_1_62' title='bbox 439 1799 584 1862; x_wconf 78' lang='lat' dir='ltr'>rpraeras,</span> <span class='ocrx_word' id='word_1_63' title='bbox 616 1782 672 1842; x_wconf 89' lang='lat' dir='ltr'>hac</span> <span class='ocrx_word' id='word_1_64' title='bbox 699 1782 773 1844; x_wconf 86' lang='lat' dir='ltr'>dico</span> <span class='ocrx_word' id='word_1_65' title='bbox 803 1781 945 1855; x_wconf 81' lang='lat' dir='ltr'>ratione,</span> <span class='ocrx_word' id='word_1_66' title='bbox 979 1794 1015 1844; x_wconf 86' lang='lat' dir='ltr'>ut</span> <span class='ocrx_word' id='word_1_67' title='bbox 1041 1802 1140 1865; x_wconf 86' lang='lat' dir='ltr'>quum</span> 
     </span>
     <span class='ocr_line' id='line_1_11' title="bbox 116 1878 1141 1962; baseline 0.006 -22"><span class='ocrx_word' id='word_1_68' title='bbox 116 1881 229 1942; x_wconf 82' lang='lat' dir='ltr'>atrocis</span> <span class='ocrx_word' id='word_1_69' title='bbox 252 1892 314 1942; x_wconf 79' lang='lat' dir='ltr'>tam</span> <span class='ocrx_word' id='word_1_70' title='bbox 334 1880 456 1959; x_wconf 85' lang='lat' dir='ltr'>pridem</span> <span class='ocrx_word' id='word_1_71' title='bbox 479 1878 614 1954; x_wconf 90' lang='lat' dir='ltr'>inimici,</span> <span class='ocrx_word' id='word_1_72' title='bbox 643 1883 777 1944; x_wconf 83' lang='lat' dir='ltr'>erudelis</span> <span class='ocrx_word' id='word_1_73' title='bbox 800 1883 941 1962; x_wconf 81' lang='lat' dir='ltr'>Tyranni</span> <span class='ocrx_word' id='word_1_74' title='bbox 957 1883 987 1957; x_wconf 51' lang='grc' dir='ltr'>ι”“)</span> <span class='ocrx_word' id='word_1_75' title='bbox 1007 1882 1141 1946; x_wconf 79' lang='lat' dir='ltr'>immane</span> 
     </span>
     <span class='ocr_line' id='line_1_12' title="bbox 115 1978 1142 2065; baseline 0.003 -23"><span class='ocrx_word' id='word_1_76' title='bbox 115 1982 266 2056; x_wconf 75' lang='lat' dir='ltr'>facinus,</span> <span class='ocrx_word' id='word_1_77' title='bbox 313 1980 527 2043; x_wconf 84' lang='lat' dir='ltr'>detestabilem</span> <span class='ocrx_word' id='word_1_78' title='bbox 558 1978 729 2061; x_wconf 85' lang='lat' dir='ltr'>injuriam,</span> <span class='ocrx_word' id='word_1_79' title='bbox 769 1982 999 2065; x_wconf 84' lang='lat' dir='ltr'>iniquissimum</span> <span class='ocrx_word' id='word_1_80' title='bbox 1024 1982 1142 2045; x_wconf 77' lang='lat' dir='ltr'>saeuam</span> 
     </span>
     <span class='ocr_line' id='line_1_13' title="bbox 116 2080 1140 2164; baseline 0.001 -20"><span class='ocrx_word' id='word_1_81' title='bbox 116 2082 189 2144; x_wconf 80' lang='lat' dir='ltr'>stilo</span> <span class='ocrx_word' id='word_1_82' title='bbox 211 2080 444 2156; x_wconf 81' lang='lat' dir='ltr'>illustraverim,</span> <span class='ocrx_word' id='word_1_83' title='bbox 464 2082 561 2164; x_wconf 85' lang='lat' dir='ltr'>idque</span> <span class='ocrx_word' id='word_1_84' title='bbox 581 2081 757 2144; x_wconf 59' lang='lat' dir='ltr'>miserrimo</span> <span class='ocrx_word' id='word_1_85' title='bbox 777 2105 849 2146; x_wconf 90' lang='lat' dir='ltr'>meo</span> <span class='ocrx_word' id='word_1_86' title='bbox 869 2094 1031 2163; x_wconf 84' lang='lat' dir='ltr'>tempore,</span> <span class='ocrx_word' id='word_1_87' title='bbox 1052 2082 1140 2147; x_wconf 75' lang='lat' dir='ltr'>nefas</span> 
     </span>
     <span class='ocr_line' id='line_1_14' title="bbox 117 2181 1140 2262; baseline 0.004 -22"><span class='ocrx_word' id='word_1_88' title='bbox 117 2201 187 2243; x_wconf 85' lang='lat' dir='ltr'>esse</span> <span class='ocrx_word' id='word_1_89' title='bbox 202 2192 325 2262; x_wconf 88' lang='lat' dir='ltr'>putem,</span> <span class='ocrx_word' id='word_1_90' title='bbox 346 2185 408 2244; x_wconf 83' lang='lat' dir='ltr'>boc</span> <span class='ocrx_word' id='word_1_91' title='bbox 424 2181 634 2256; x_wconf 83' lang='lat' dir='ltr'>committere,</span> <span class='ocrx_word' id='word_1_92' title='bbox 657 2194 692 2244; x_wconf 84' lang='lat' dir='ltr'>ut</span> <span class='ocrx_word' id='word_1_93' title='bbox 703 2183 846 2245; x_wconf 77' lang='lat' dir='ltr'>(livinum</span> <span class='ocrx_word' id='word_1_94' title='bbox 862 2184 924 2245; x_wconf 89' lang='lat' dir='ltr'>hoc</span> <span class='ocrx_word' id='word_1_95' title='bbox 938 2183 1140 2259; x_wconf 82' lang='lat' dir='ltr'>beneficium,</span> 
     </span>
     <span class='ocr_line' id='line_1_15' title="bbox 115 2280 1141 2365; baseline 0.002 -20"><span class='ocrx_word' id='word_1_96' title='bbox 115 2284 175 2345; x_wconf 90' lang='lat' dir='ltr'>hoc</span> <span class='ocrx_word' id='word_1_97' title='bbox 193 2284 271 2343; x_wconf 80' lang='lat' dir='ltr'>coelo</span> <span class='ocrx_word' id='word_1_98' title='bbox 295 2283 458 2363; x_wconf 84' lang='lat' dir='ltr'>delapsum</span> <span class='ocrx_word' id='word_1_99' title='bbox 475 2281 643 2365; x_wconf 81' lang='lat' dir='ltr'>auxilium,</span> <span class='ocrx_word' id='word_1_100' title='bbox 669 2281 733 2362; x_wconf 83' lang='lat' dir='ltr'>jam</span> <span class='ocrx_word' id='word_1_101' title='bbox 756 2284 917 2345; x_wconf 78' lang='lat' dir='ltr'>restitutus</span> <span class='ocrx_word' id='word_1_102' title='bbox 941 2283 1032 2358; x_wconf 87' lang='lat' dir='ltr'>mihi,</span> <span class='ocrx_word' id='word_1_103' title='bbox 1063 2280 1141 2365; x_wconf 85' lang='lat' dir='ltr'>jam·</span> 
     </span>
     <span class='ocr_line' id='line_1_16' title="bbox 115 2380 1140 2467; baseline 0 -23"><span class='ocrx_word' id='word_1_104' title='bbox 115 2403 180 2465; x_wconf 87' lang='lat' dir='ltr'>qne</span> <span class='ocrx_word' id='word_1_105' title='bbox 200 2385 307 2445; x_wconf 84' lang='lat' dir='ltr'>valens</span> <span class='ocrx_word' id='word_1_106' title='bbox 326 2404 363 2445; x_wconf 93' lang='lat' dir='ltr'>ac</span> <span class='ocrx_word' id='word_1_107' title='bbox 385 2395 540 2466; x_wconf 81' lang='lat' dir='ltr'>vegetus,</span> <span class='ocrx_word' id='word_1_108' title='bbox 570 2380 762 2467; x_wconf 82' lang='lat' dir='ltr'>quaeu‘nquc</span> <span class='ocrx_word' id='word_1_109' title='bbox 785 2383 904 2466; x_wconf 85' lang='lat' dir='ltr'>possim</span> <span class='ocrx_word' id='word_1_110' title='bbox 927 2383 1048 2466; x_wconf 74' lang='lat' dir='ltr'>ingenii</span> <span class='ocrx_word' id='word_1_111' title='bbox 1066 2404 1140 2465; x_wconf 90' lang='lat' dir='ltr'>ope,</span> 
     </span>
     <span class='ocr_line' id='line_1_17' title="bbox 115 2480 1142 2566; baseline 0.002 -21"><span class='ocrx_word' id='word_1_112' title='bbox 115 2483 154 2545; x_wconf 87' lang='lat' dir='ltr'>ab</span> <span class='ocrx_word' id='word_1_113' title='bbox 185 2482 354 2546; x_wconf 79' lang='lat' dir='ltr'>oblivionis</span> <span class='ocrx_word' id='word_1_114' title='bbox 379 2480 498 2564; x_wconf 78' lang='lat' dir='ltr'>injuria</span> <span class='ocrx_word' id='word_1_115' title='bbox 527 2504 592 2545; x_wconf 91' lang='lat' dir='ltr'>non</span> <span class='ocrx_word' id='word_1_116' title='bbox 621 2483 789 2547; x_wconf 82' lang='lat' dir='ltr'>vindicem.</span> <span class='ocrx_word' id='word_1_117' title='bbox 846 2483 909 2548; x_wconf 90' lang='lat' dir='ltr'>Ubi</span> <span class='ocrx_word' id='word_1_118' title='bbox 936 2482 1015 2566; x_wconf 82' lang='lat' dir='ltr'>quid</span> <span class='ocrx_word' id='word_1_119' title='bbox 1042 2480 1142 2547; x_wconf 79' lang='lat' dir='ltr'>refert</span> 
     </span>
     <span class='ocr_line' id='line_1_18' title="bbox 114 2583 1141 2669; baseline 0 -24"><span class='ocrx_word' id='word_1_120' title='bbox 114 2605 195 2663; x_wconf 76' lang='lat' dir='ltr'>sepe</span> <span class='ocrx_word' id='word_1_121' title='bbox 218 2584 424 2645; x_wconf 84' lang='lat' dir='ltr'>declamatum</span> <span class='ocrx_word' id='word_1_122' title='bbox 445 2605 464 2646; x_wconf 87' lang='lat' dir='ltr'>a</span> <span class='ocrx_word' id='word_1_123' title='bbox 485 2605 536 2646; x_wconf 89' lang='lat' dir='ltr'>me</span> <span class='ocrx_word' id='word_1_124' title='bbox 561 2583 649 2663; x_wconf 82' lang='lat' dir='ltr'>prius</span> <span class='ocrx_word' id='word_1_125' title='bbox 669 2583 797 2661; x_wconf 87' lang='lat' dir='ltr'>dicere,</span> <span class='ocrx_word' id='word_1_126' title='bbox 828 2595 977 2668; x_wconf 85' lang='lat' dir='ltr'>quantam</span> <span class='ocrx_word' id='word_1_127' title='bbox 999 2603 1062 2669; x_wconf 78' lang='lat' dir='ltr'>ego</span> <span class='ocrx_word' id='word_1_128' title='bbox 1085 2602 1141 2664; x_wconf 79' lang='lat' dir='ltr'>pc·</span> 
     </span>
     <span class='ocr_line' id='line_1_19' title="bbox 115 2683 1141 2768; baseline 0.001 -22"><span class='ocrx_word' id='word_1_129' title='bbox 115 2685 240 2746; x_wconf 81' lang='lat' dir='ltr'>errniam</span> <span class='ocrx_word' id='word_1_130' title='bbox 259 2684 401 2745; x_wconf 86' lang='lat' dir='ltr'>curando</span> <span class='ocrx_word' id='word_1_131' title='bbox 421 2685 482 2746; x_wconf 89' lang='lat' dir='ltr'>hoc</span> <span class='ocrx_word' id='word_1_132' title='bbox 501 2683 615 2746; x_wconf 90' lang='lat' dir='ltr'>morbo</span> <span class='ocrx_word' id='word_1_133' title='bbox 638 2684 852 2747; x_wconf 84' lang='lat' dir='ltr'>elocaverim?</span> <span class='ocrx_word' id='word_1_134' title='bbox 886 2686 973 2768; x_wconf 80' lang='lat' dir='ltr'>Quas</span> <span class='ocrx_word' id='word_1_135' title='bbox 992 2694 1141 2760; x_wconf 80' lang='lat' dir='ltr'>tortum,</span> 
     </span>
     <span class='ocr_line' id='line_1_20' title="bbox 116 2783 1142 2868; baseline -0.001 -23"><span class='ocrx_word' id='word_1_136' title='bbox 116 2806 188 2866; x_wconf 81' lang='lat' dir='ltr'>qnae</span> <span class='ocrx_word' id='word_1_137' title='bbox 218 2783 371 2863; x_wconf 83' lang='lat' dir='ltr'>supplicia</span> <span class='ocrx_word' id='word_1_138' title='bbox 389 2783 448 2844; x_wconf 77' lang='lat' dir='ltr'>sub</span> <span class='ocrx_word' id='word_1_139' title='bbox 471 2783 657 2865; x_wconf 78' lang='lat' dir='ltr'>chirurgieis</span> <span class='ocrx_word' id='word_1_140' title='bbox 677 2784 899 2847; x_wconf 82' lang='lat' dir='ltr'>exhauserim?</span> <span class='ocrx_word' id='word_1_141' title='bbox 935 2805 1012 2868; x_wconf 79' lang='lat' dir='ltr'>quae</span> <span class='ocrx_word' id='word_1_142' title='bbox 1031 2803 1142 2847; x_wconf 80' lang='lat' dir='ltr'>eruoer</span> 
     </span>
     <span class='ocr_line' id='line_1_21' title="bbox 118 2882 1143 2964; baseline 0.001 -20"><span class='ocrx_word' id='word_1_143' title='bbox 118 2883 269 2947; x_wconf 81' lang='lat' dir='ltr'>tulerim?</span> <span class='ocrx_word' id='word_1_144' title='bbox 298 2885 457 2964; x_wconf 79' lang='lat' dir='ltr'>Quantum</span> <span class='ocrx_word' id='word_1_145' title='bbox 476 2884 549 2946; x_wconf 84' lang='lat' dir='ltr'>mihi</span> <span class='ocrx_word' id='word_1_146' title='bbox 566 2884 684 2946; x_wconf 75' lang='lat' dir='ltr'>virium</span> <span class='ocrx_word' id='word_1_147' title='bbox 704 2907 746 2946; x_wconf 84' lang='lat' dir='ltr'>ex</span> <span class='ocrx_word' id='word_1_148' title='bbox 762 2885 960 2948; x_wconf 87' lang='lat' dir='ltr'>medicorum</span> <span class='ocrx_word' id='word_1_149' title='bbox 980 2882 1143 2947; x_wconf 75' lang='lat' dir='ltr'>inscientia</span> 
     </span>
     <span class='ocr_line' id='line_1_22' title="bbox 117 2984 1145 3069; baseline -0.003 -22"><span class='ocrx_word' id='word_1_150' title='bbox 117 2984 312 3063; x_wconf 87' lang='lat' dir='ltr'>deperierit;</span> <span class='ocrx_word' id='word_1_151' title='bbox 343 3006 439 3068; x_wconf 85' lang='lat' dir='ltr'>quum</span> <span class='ocrx_word' id='word_1_152' title='bbox 459 2998 516 3049; x_wconf 87' lang='lat' dir='ltr'>tno</span> <span class='ocrx_word' id='word_1_153' title='bbox 543 2989 606 3048; x_wconf 70' lang='lat' dir='ltr'>haec</span> <span class='ocrx_word' id='word_1_154' title='bbox 627 2985 745 3069; x_wconf 79' lang='lat' dir='ltr'>gemitu</span> <span class='ocrx_word' id='word_1_155' title='bbox 770 2997 899 3048; x_wconf 78' lang='lat' dir='ltr'>testatus</span> <span class='ocrx_word' id='word_1_156' title='bbox 925 2986 987 3065; x_wconf 86' lang='lat' dir='ltr'>jam</span> <span class='ocrx_word' id='word_1_157' title='bbox 1010 3006 1092 3066; x_wconf 86' lang='lat' dir='ltr'>saepe</span> <span class='ocrx_word' id='word_1_158' title='bbox 1110 2993 1145 3045; x_wconf 85' lang='lat' dir='ltr'>et</span> 
     </span>
     <span class='ocr_line' id='line_1_23' title="bbox 114 3072 1143 3167; baseline -0.003 -19"><span class='ocrx_word' id='word_1_159' title='bbox 114 3087 200 3167; x_wconf 86' lang='lat' dir='ltr'>apud</span> <span class='ocrx_word' id='word_1_160' title='bbox 216 3087 331 3149; x_wconf 81' lang='lat' dir='ltr'>multoe</span> <span class='ocrx_word' id='word_1_161' title='bbox 349 3085 418 3149; x_wconf 80' lang='lat' dir='ltr'>eie?</span> <span class='ocrx_word' id='word_1_162' title='bbox 440 3089 511 3149; x_wconf 87' lang='lat' dir='ltr'>Non</span> <span class='ocrx_word' id='word_1_163' title='bbox 530 3089 715 3149; x_wconf 84' lang='lat' dir='ltr'>immensum</span> <span class='ocrx_word' id='word_1_164' title='bbox 731 3087 794 3148; x_wconf 92' lang='lat' dir='ltr'>hoc</span> <span class='ocrx_word' id='word_1_165' title='bbox 810 3084 884 3147; x_wconf 86' lang='lat' dir='ltr'>mihi</span> <span class='ocrx_word' id='word_1_166' title='bbox 899 3072 1143 3146; x_wconf 75' lang='lat' dir='ltr'>existimindum</span> 
     </span>
     <span class='ocr_line' id='line_1_24' title="bbox 112 3184 1142 3269; baseline -0.002 -20"><span class='ocrx_word' id='word_1_167' title='bbox 112 3185 210 3269; x_wconf 79' lang='lat' dir='ltr'>igitur</span> <span class='ocrx_word' id='word_1_168' title='bbox 230 3199 296 3261; x_wconf 82' lang='lat' dir='ltr'>est,</span> <span class='ocrx_word' id='word_1_169' title='bbox 327 3184 472 3267; x_wconf 83' lang='lat' dir='ltr'>potuisse</span> <span class='ocrx_word' id='word_1_170' title='bbox 497 3186 619 3249; x_wconf 81' lang='lat' dir='ltr'>restitui</span> <span class='ocrx_word' id='word_1_171' title='bbox 641 3207 683 3248; x_wconf 85' lang='lat' dir='ltr'>ex</span> <span class='ocrx_word' id='word_1_172' title='bbox 704 3184 838 3262; x_wconf 91' lang='lat' dir='ltr'>morbo,</span> <span class='ocrx_word' id='word_1_173' title='bbox 864 3185 898 3246; x_wconf 89' lang='lat' dir='ltr'>in</span> <span class='ocrx_word' id='word_1_174' title='bbox 919 3202 1068 3267; x_wconf 11' lang='lat' dir='ltr'>quoynon</span> <span class='ocrx_word' id='word_1_175' title='bbox 1089 3202 1142 3247; x_wconf 81' lang='lat' dir='ltr'>eo·</span> 
     </span>
     <span class='ocr_line' id='line_1_25' title="bbox 113 3274 1141 3369; baseline -0.005 -17"><span class='ocrx_word' id='word_1_176' title='bbox 113 3293 176 3353; x_wconf 83' lang='lat' dir='ltr'>tum</span> <span class='ocrx_word' id='word_1_177' title='bbox 205 3291 335 3352; x_wconf 85' lang='lat' dir='ltr'>dolores</span> <span class='ocrx_word' id='word_1_178' title='bbox 364 3308 474 3368; x_wconf 82' lang='lat' dir='ltr'>passus</span> <span class='ocrx_word' id='word_1_179' title='bbox 505 3309 573 3351; x_wconf 89' lang='lat' dir='ltr'>sum</span> <span class='ocrx_word' id='word_1_180' title='bbox 607 3286 807 3362; x_wconf 84' lang='lat' dir='ltr'>acerbiores,</span> <span class='ocrx_word' id='word_1_181' title='bbox 851 3306 945 3369; x_wconf 82' lang='lat' dir='ltr'>qnam</span> <span class='ocrx_word' id='word_1_182' title='bbox 973 3274 1008 3345; x_wconf 73' lang='lat' dir='ltr'>ut</span> <span class='ocrx_word' id='word_1_183' title='bbox 1034 3279 1141 3347; x_wconf 75' lang='lat' dir='ltr'>inhio</span> 
     </span>
     <span class='ocr_line' id='line_1_26' title="bbox 114 3382 1146 3461; baseline -0.001 -13"><span class='ocrx_word' id='word_1_184' title='bbox 114 3387 287 3453; x_wconf 77' lang='lat' dir='ltr'>vivendum</span> <span class='ocrx_word' id='word_1_185' title='bbox 299 3386 413 3461; x_wconf 80' lang='lat' dir='ltr'>suerit,</span> <span class='ocrx_word' id='word_1_186' title='bbox 432 3387 489 3449; x_wconf 83' lang='lat' dir='ltr'>scd</span> <span class='ocrx_word' id='word_1_187' title='bbox 505 3387 645 3452; x_wconf 81' lang='lat' dir='ltr'>foeditate</span> <span class='ocrx_word' id='word_1_188' title='bbox 661 3387 753 3450; x_wconf 86' lang='lat' dir='ltr'>etiam</span> <span class='ocrx_word' id='word_1_189' title='bbox 766 3397 850 3449; x_wconf 85' lang='lat' dir='ltr'>tanta</span> <span class='ocrx_word' id='word_1_190' title='bbox 863 3385 929 3461; x_wconf 86' lang='lat' dir='ltr'>sui,</span> <span class='ocrx_word' id='word_1_191' title='bbox 950 3396 986 3449; x_wconf 88' lang='lat' dir='ltr'>ut</span> <span class='ocrx_word' id='word_1_192' title='bbox 1000 3382 1146 3449; x_wconf 84' lang='lat' dir='ltr'>onmium·</span> 
     </span>
     <span class='ocr_line' id='line_1_27' title="bbox 116 3482 1140 3570; baseline -0.003 -20"><span class='ocrx_word' id='word_1_193' title='bbox 116 3509 217 3568; x_wconf 83' lang='lat' dir='ltr'>prope</span> <span class='ocrx_word' id='word_1_194' title='bbox 235 3510 343 3552; x_wconf 86' lang='lat' dir='ltr'>rerum</span> <span class='ocrx_word' id='word_1_195' title='bbox 367 3489 471 3568; x_wconf 89' lang='lat' dir='ltr'>ipsum</span> <span class='ocrx_word' id='word_1_196' title='bbox 494 3509 544 3551; x_wconf 89' lang='lat' dir='ltr'>me</span> <span class='ocrx_word' id='word_1_197' title='bbox 567 3482 733 3570; x_wconf 72' lang='lat' dir='ltr'>tegerrime</span> <span class='ocrx_word' id='word_1_198' title='bbox 756 3485 907 3549; x_wconf 82' lang='lat' dir='ltr'>tulerim?</span> <span class='ocrx_word' id='word_1_199' title='bbox 935 3486 1009 3569; x_wconf 81' lang='lat' dir='ltr'>Age</span> <span class='ocrx_word' id='word_1_200' title='bbox 1026 3494 1140 3559; x_wconf 84' lang='lat' dir='ltr'>antem,</span> 
     </span>
     <span class='ocr_line' id='line_1_28' title="bbox 118 3584 1140 3670; baseline -0.001 -21"><span class='ocrx_word' id='word_1_201' title='bbox 118 3589 207 3670; x_wconf 85' lang='lat' dir='ltr'>qnod</span> <span class='ocrx_word' id='word_1_202' title='bbox 231 3590 291 3651; x_wconf 85' lang='lat' dir='ltr'>fnit</span> <span class='ocrx_word' id='word_1_203' title='bbox 312 3589 357 3652; x_wconf 91' lang='lat' dir='ltr'>ibi</span> <span class='ocrx_word' id='word_1_204' title='bbox 379 3588 448 3651; x_wconf 79' lang='lat' dir='ltr'>vitre</span> <span class='ocrx_word' id='word_1_205' title='bbox 464 3587 666 3669; x_wconf 86' lang='lat' dir='ltr'>perieulum?</span> <span class='ocrx_word' id='word_1_206' title='bbox 701 3608 794 3670; x_wconf 87' lang='lat' dir='ltr'>quam</span> <span class='ocrx_word' id='word_1_207' title='bbox 811 3587 966 3668; x_wconf 86' lang='lat' dir='ltr'>putabunt</span> <span class='ocrx_word' id='word_1_208' title='bbox 985 3584 1140 3655; x_wconf 76' lang='lat' dir='ltr'>homines,</span> 
     </span>
     <span class='ocr_line' id='line_1_29' title="bbox 73 3684 1141 3775; baseline -0.002 -28"><span class='ocrx_word' id='word_1_209' title='bbox 73 3684 76 3691; x_wconf 81' lang='lat'>&#39;</span> <span class='ocrx_word' id='word_1_210' title='bbox 117 3700 221 3750; x_wconf 85' lang='lat' dir='ltr'>actum</span> <span class='ocrx_word' id='word_1_211' title='bbox 241 3689 280 3750; x_wconf 90' lang='lat' dir='ltr'>de</span> <span class='ocrx_word' id='word_1_212' title='bbox 300 3689 467 3752; x_wconf 82' lang='lat' dir='ltr'>Hutteno?</span> <span class='ocrx_word' id='word_1_213' title='bbox 501 3690 553 3752; x_wconf 88' lang='lat' dir='ltr'>Tu</span> <span class='ocrx_word' id='word_1_214' title='bbox 572 3710 652 3753; x_wconf 86' lang='lat' dir='ltr'>vero</span> <span class='ocrx_word' id='word_1_215' title='bbox 677 3710 772 3775; x_wconf 87' lang='lat' dir='ltr'>quam</span> <span class='ocrx_word' id='word_1_216' title='bbox 790 3708 857 3749; x_wconf 88' lang='lat' dir='ltr'>non</span> <span class='ocrx_word' id='word_1_217' title='bbox 872 3689 990 3750; x_wconf 78' lang='lat' dir='ltr'>frustra</span> <span class='ocrx_word' id='word_1_218' title='bbox 1013 3686 1141 3749; x_wconf 73' lang='lat' dir='ltr'>dicebas</span> 
     </span>
     <span class='ocr_line' id='line_1_30' title="bbox 117 3774 1141 3871; baseline -0.001 -22"><span class='ocrx_word' id='word_1_219' title='bbox 117 3801 166 3862; x_wconf 86' lang='lat' dir='ltr'>te,</span> <span class='ocrx_word' id='word_1_220' title='bbox 188 3788 214 3851; x_wconf 89' lang='lat' dir='ltr'>si</span> <span class='ocrx_word' id='word_1_221' title='bbox 225 3790 424 3857; x_wconf 70' lang='lat' dir='ltr'>commodius</span> <span class='ocrx_word' id='word_1_222' title='bbox 446 3791 599 3866; x_wconf 82' lang='lat' dir='ltr'>valerem,</span> <span class='ocrx_word' id='word_1_223' title='bbox 629 3791 675 3852; x_wconf 88' lang='lat' dir='ltr'>uti</span> <span class='ocrx_word' id='word_1_224' title='bbox 694 3807 876 3871; x_wconf 80' lang='lat' dir='ltr'>meaposee</span> <span class='ocrx_word' id='word_1_225' title='bbox 893 3787 1016 3869; x_wconf 83' lang='lat' dir='ltr'>opera?</span> <span class='ocrx_word' id='word_1_226' title='bbox 1043 3774 1141 3867; x_wconf 78' lang='lat' dir='ltr'>Quod</span> 
     </span>
     <span class='ocr_line' id='line_1_31' title="bbox 116 3883 1140 3971; baseline -0.006 -22"><span class='ocrx_word' id='word_1_227' title='bbox 116 3888 263 3951; x_wconf 79' lang='lat' dir='ltr'>effectum</span> <span class='ocrx_word' id='word_1_228' title='bbox 285 3909 382 3971; x_wconf 86' lang='lat' dir='ltr'>quum</span> <span class='ocrx_word' id='word_1_229' title='bbox 399 3889 458 3965; x_wconf 85' lang='lat' dir='ltr'>sit,</span> <span class='ocrx_word' id='word_1_230' title='bbox 490 3899 521 3949; x_wconf 85' lang='lat' dir='ltr'>et</span> <span class='ocrx_word' id='word_1_231' title='bbox 537 3889 668 3971; x_wconf 82' lang='lat' dir='ltr'>depulsa</span> <span class='ocrx_word' id='word_1_232' title='bbox 691 3887 778 3951; x_wconf 91' lang='lat' dir='ltr'>omni</span> <span class='ocrx_word' id='word_1_233' title='bbox 794 3887 1024 3961; x_wconf 79' lang='lat' dir='ltr'>invaletudine,</span> <span class='ocrx_word' id='word_1_234' title='bbox 1043 3883 1140 3945; x_wconf 63' lang='lat' dir='ltr'>eires</span> 
     </span>
     <span class='ocr_line' id='line_1_32' title="bbox 113 3981 1138 4070; baseline -0.002 -19"><span class='ocrx_word' id='word_1_235' title='bbox 113 3988 157 4051; x_wconf 85' lang='lat' dir='ltr'>ita</span> <span class='ocrx_word' id='word_1_236' title='bbox 170 3988 363 4070; x_wconf 86' lang='lat' dir='ltr'>receperim,</span> <span class='ocrx_word' id='word_1_237' title='bbox 385 4001 420 4051; x_wconf 86' lang='lat' dir='ltr'>ut</span> <span class='ocrx_word' id='word_1_238' title='bbox 438 3991 478 4051; x_wconf 90' lang='lat' dir='ltr'>de</span> <span class='ocrx_word' id='word_1_239' title='bbox 495 4010 582 4052; x_wconf 80' lang='lat' dir='ltr'>novo</span> <span class='ocrx_word' id='word_1_240' title='bbox 596 3988 697 4052; x_wconf 87' lang='lat' dir='ltr'>sactus</span> <span class='ocrx_word' id='word_1_241' title='bbox 713 4011 750 4052; x_wconf 89' lang='lat' dir='ltr'>ac</span> <span class='ocrx_word' id='word_1_242' title='bbox 764 4001 891 4052; x_wconf 81' lang='lat' dir='ltr'>renatus</span> <span class='ocrx_word' id='word_1_243' title='bbox 903 3991 998 4052; x_wconf 89' lang='lat' dir='ltr'>homo</span> <span class='ocrx_word' id='word_1_244' title='bbox 1017 3981 1138 4061; x_wconf 77' lang='lat' dir='ltr'>videar,</span> 
     </span>
     <span class='ocr_line' id='line_1_33' title="bbox 111 4086 1139 4171; baseline -0.005 -19"><span class='ocrx_word' id='word_1_245' title='bbox 111 4104 178 4152; x_wconf 83' lang='lat' dir='ltr'>non</span> <span class='ocrx_word' id='word_1_246' title='bbox 197 4092 382 4171; x_wconf 83' lang='lat' dir='ltr'>applaudam</span> <span class='ocrx_word' id='word_1_247' title='bbox 402 4092 471 4171; x_wconf 88' lang='lat' dir='ltr'>ipse</span> <span class='ocrx_word' id='word_1_248' title='bbox 494 4089 587 4165; x_wconf 88' lang='lat' dir='ltr'>mihi,</span> <span class='ocrx_word' id='word_1_249' title='bbox 614 4090 647 4152; x_wconf 85' lang='lat' dir='ltr'>in</span> <span class='ocrx_word' id='word_1_250' title='bbox 670 4087 739 4170; x_wconf 85' lang='lat' dir='ltr'>ejus</span> <span class='ocrx_word' id='word_1_251' title='bbox 759 4089 806 4151; x_wconf 89' lang='lat' dir='ltr'>rei</span> <span class='ocrx_word' id='word_1_252' title='bbox 826 4086 1139 4163; x_wconf 80' lang='lat' dir='ltr'>commemoratione,</span> 
     </span>
     <span class='ocr_line' id='line_1_34' title="bbox 110 4186 1138 4274; baseline -0.008 -19"><span class='ocrx_word' id='word_1_253' title='bbox 110 4212 183 4274; x_wconf 78' lang='lat' dir='ltr'>tprae</span> <span class='ocrx_word' id='word_1_254' title='bbox 209 4193 289 4253; x_wconf 85' lang='lat' dir='ltr'>hane</span> <span class='ocrx_word' id='word_1_255' title='bbox 316 4195 448 4254; x_wconf 83' lang='lat' dir='ltr'>salutem</span> <span class='ocrx_word' id='word_1_256' title='bbox 472 4190 644 4273; x_wconf 77' lang='lat' dir='ltr'>prestitit?</span> <span class='ocrx_word' id='word_1_257' title='bbox 675 4191 749 4252; x_wconf 89' lang='lat' dir='ltr'>Non</span> <span class='ocrx_word' id='word_1_258' title='bbox 776 4189 949 4271; x_wconf 83' lang='lat' dir='ltr'>jucundum</span> <span class='ocrx_word' id='word_1_259' title='bbox 974 4190 1037 4252; x_wconf 90' lang='lat' dir='ltr'>hoe</span> <span class='ocrx_word' id='word_1_260' title='bbox 1065 4186 1138 4249; x_wconf 84' lang='lat' dir='ltr'>mihi</span> 
     </span>
     <span class='ocr_line' id='line_1_35' title="bbox 113 4284 1139 4381; baseline 0.001 -30"><span class='ocrx_word' id='word_1_261' title='bbox 113 4293 303 4369; x_wconf 84' lang='lat' dir='ltr'>opuseulum</span> <span class='ocrx_word' id='word_1_262' title='bbox 322 4291 382 4354; x_wconf 89' lang='lat' dir='ltr'>crit</span> <span class='ocrx_word' id='word_1_263' title='bbox 393 4338 401 4368; x_wconf 88' lang='lat'>,</span> <span class='ocrx_word' id='word_1_264' title='bbox 430 4290 486 4373; x_wconf 87' lang='lat' dir='ltr'>qni</span> <span class='ocrx_word' id='word_1_265' title='bbox 503 4290 603 4364; x_wconf 81' lang='lat' dir='ltr'>facio,</span> <span class='ocrx_word' id='word_1_266' title='bbox 629 4301 661 4351; x_wconf 88' lang='lat' dir='ltr'>et</span> <span class='ocrx_word' id='word_1_267' title='bbox 680 4284 746 4381; x_wconf 78' lang='lat' dir='ltr'>non</span> <span class='ocrx_word' id='word_1_268' title='bbox 767 4289 961 4366; x_wconf 80' lang='lat' dir='ltr'>carissimus,</span> <span class='ocrx_word' id='word_1_269' title='bbox 989 4289 1042 4352; x_wconf 84' lang='lat' dir='ltr'>oni</span> <span class='ocrx_word' id='word_1_270' title='bbox 1061 4288 1139 4352; x_wconf 81' lang='lat' dir='ltr'>ittud</span> 
     </span>
    </p>
   </div>
   <div class='ocr_carea' id='block_1_3' title="bbox 147 4493 514 4550">
    <p class='ocr_par' dir='ltr' id='par_1_3' title="bbox 147 4493 514 4550">
     <span class='ocr_line' id='line_1_36' title="bbox 147 4493 514 4550; baseline 0.014 -7"><span class='ocrx_word' id='word_1_271' title='bbox 147 4494 177 4543; x_wconf 68' lang='lat' dir='ltr'>&#39;t</span> <span class='ocrx_word' id='word_1_272' title='bbox 195 4503 267 4550; x_wconf 75' lang='lat' dir='ltr'>Utriei</span> <span class='ocrx_word' id='word_1_273' title='bbox 290 4502 416 4549; x_wconf 79' lang='lat' dir='ltr'>Wartenb.</span> <span class='ocrx_word' id='word_1_274' title='bbox 436 4493 514 4550; x_wconf 72' lang='lat' dir='ltr'>Decii.</span> 
     </span>
    </p>
   </div>
   <div class='ocr_carea' id='block_1_4' title="bbox 0 0 1320 5086">
    <p class='ocr_par' dir='ltr' id='par_1_4' title="bbox 0 0 1320 5086">
     <span class='ocr_line' id='line_1_37' title="bbox 0 0 1320 5086; baseline 0 0"><span class='ocrx_word' id='word_1_275' title='bbox 0 0 1320 5086; x_wconf 95' lang='lat' dir='ltr'> </span> 
     </span>
    </p>
   </div>
  </div>
 </body>
</html>
