2632 5086
232 760 306 838 3³⁴
351 761 395 837 Iu
412 761 456 837 T.
475 761 637 856 Livium,
663 763 744 838 libr.
763 775 860 847 auct.
876 765 920 841 ΙΙ.
941 769 1047 865 praes.
1065 778 1138 849 etc.
1204 757 1208 764 ’

230 952 459 1039 magnatium,
486 955 626 1021 arbitrati
645 967 729 1019 sunt.
775 957 862 1039 Quin
881 956 992 1036 etianr',
1021 981 1081 1037 ue,
1113 963 1259 1042 potuisse

229 1054 308 1118 hunc
322 1057 516 1136 provinciam
531 1059 707 1120 detrectare
719 1078 786 1131 me.
804 1056 982 1136 existimes,
997 1073 1173 1141 pertractus
1187 1085 1259 1126 sum

228 1174 270 1219 eo
296 1157 337 1219 ab
358 1157 534 1240 insignibus
563 1158 624 1222 tuis
652 1160 837 1236 canonicis,
867 1167 1044 1224 Laurentio
1078 1169 1257 1241 Truchses,

229 1256 381 1333 Deccno,
416 1267 615 1325 Theodorico
648 1265 791 1335 Tzobet,
832 1257 1046 1335 scholastico,
1081 1271 1114 1321 et
1160 1264 1258 1324 adfini

227 1379 301 1423 tneo
336 1363 548 1439 Mar-quorun
578 1369 616 1421 de
647 1367 818 1431 Hatstein,
853 1358 993 1439 probatis
1028 1358 1191 1423 literatura
1224 1375 1257 1426 et

228 1458 371 1527 mribus
395 1459 490 1536 viris,
512 1462 625 1546 quibus
646 1463 697 1522 vel
725 1459 844 1534 idcirco
872 1456 1006 1523 libenter
1027 1461 1137 1541 parui,
1167 1465 1256 1546 quod

229 1578 300 1625 etun
329 1582 455 1641 semper
484 1562 614 1623 amarint
645 1579 755 1629 omnes
784 1559 836 1633 hi,
881 1580 918 1621 ac
947 1570 1076 1623 tuentur
1106 1563 1257 1642 politiora

227 1660 350 1735 studia3
380 1671 447 1724 tum
473 1668 671 1725 Laurentius
696 1660 784 1743 ipse,
821 1681 905 1721 anno
933 1659 1047 1722 abhinc
1074 1673 1188 1738 sexto,
1215 1652 1255 1725 ab

225 1763 325 1826 otroci
337 1761 630 1826 cnrdelissimorum
643 1760 822 1835 hominum,
838 1759 1112 1841 Theologistarum
1126 1760 1254 1842 injuria,

225 1864 364 1948 quodam
382 1885 441 1926 suo
464 1862 574 1924 diuino
595 1862 748 1937 consitio,
777 1873 928 1944 magnum
945 1861 1074 1936 virum,
1094 1869 1254 1932 Joonnem

229 1968 439 2040 appionem,
457 1962 549 2024 nobis
569 1962 723 2036 servavit,
743 1981 780 2022 ao
799 1972 901 2024 tutum
919 1961 1070 2042 prostitit.
1086 1961 1255 2035 geminae

223 2063 276 2125 rol
291 2061 443 2143 tantisper
463 2063 660 2125 sacerdotem
682 2061 859 2126 puerine
879 2061 965 2135 sine,
998 2062 1073 2124 dum
1094 2060 1254 2126 victimam

221 2161 280 2231 tibi
304 2162 383 2225 banc
409 2163 541 2239 factam,
576 2165 638 2226 hoc
662 2184 787 2228 sacrum
811 2163 977 2239 dedicem,
1010 2165 1096 2226 nulla
1118 2183 1190 2226 mea
1209 2163 1254 2227 ibi

221 2263 418 2348 arrogantia,
453 2264 510 2326 sed
529 2263 679 2344 temporis
703 2264 945 2328 consuetudine.
990 2266 1168 2345 Receptum
1189 2268 1253 2355 boo

221 2360 390 2442 est'enim,
415 2375 470 2438 ut,
490 2363 547 2448 qui
566 2376 733 2443 auctores,
752 2365 804 2425 vet
827 2365 950 2427 auctius
970 2367 1022 2427 vet
1053 2367 1250 2432 emendatius

219 2464 254 2534 in
272 2466 464 2548 exemplaria
482 2463 722 2541 describuntur,
742 2465 775 2527 hi
793 2465 883 2534 claris
901 2481 1127 2547 nuncupentur
1148 2468 1252 2531 homi·

218 2566 325 2632 nibus.
362 2568 459 2648 Quod
478 2567 555 2629 dum
572 2586 709 2648 sequor,
730 2567 813 2654 nulia
828 2578 941 2629 teneor
959 2567 1066 2648 inepta
1079 2562 1250 2652 opinione;

218 2667 486 2753 quemadmodum
502 2666 747 2739 Appiou,oti1n
773 2667 1015 2748 grammaticus,
1047 2666 1102 2750 qui
1120 2667 1250 2730 immor·

218 2766 296 2833 teies
314 2766 422 2829 fecere
440 2789 493 2842 se,
524 2764 641 2850 quibus
667 2786 723 2830 sua
749 2767 942 2841 dedicasset,
977 2767 1145 2845 jactitabat.
1184 2769 1251 2832 Sed

217 2866 282 2944 linc
300 2863 369 2952 ipsa
388 2865 494 2950 inepta
512 2879 561 2932 est
575 2887 682 2942 mora,
703 2867 746 2931 ita
765 2888 907 2930 errorem
925 2869 1001 2930 dum
1017 2867 1131 2948 fugio,
1151 2872 1250 2934 vehe-

217 2982 340 3036 menter
364 2989 439 3033 erro
463 2967 599 3032 interim.
643 2969 715 3032 Jam
744 2969 898 3050 legendus
923 2968 1008 3031 enim
1032 2979 1143 3032 auctor
1165 2969 1248 3051 ipse,

216 3069 310 3155 cujus
328 3073 434 3157 agitur
452 3087 566 3145 causa,
594 3080 672 3132 erat.
721 3069 807 3136 Ecce
823 3076 952 3132 Liuium
971 3069 1029 3131 tibi
1046 3069 1162 3152 igitur,
1189 3069 1247 3150 uhi

216 3173 368 3259 inquam,
408 3171 534 3255 tutelari
563 3171 662 3246 Deo,
695 3169 761 3233 aliis
794 3170 828 3231 in
862 3190 954 3232 suum
986 3171 1103 3252 cuique
1136 3193 1247 3249 usum,

217 3295 315 3359 quem
345 3274 466 3337 utinam
495 3271 551 3333 diu
581 3273 690 3352 legas,
729 3282 764 3333 ut
794 3286 826 3334 te
854 3271 911 3333 diu
941 3273 1142 3351 perfruamur
1173 3273 1247 3354 ipsi.

216 3374 291 3439 Hoc
315 3371 508 3456 praecipuum
536 3370 630 3435 bonis
655 3372 803 3442 omuibus
830 3387 941 3437 votum
963 3385 1044 3435 esto.
1091 3373 1245 3458 Mogunt.

219 3477 302 3540 nnn.
329 3473 379 3537 M.
397 3472 440 3536 D.
457 3471 552 3536 XIX.
