2632 5086
355 701 386 773 T
388 703 460 772 rias
486 700 654 774 Romana
676 699 864 801 Dialogus.
1048 709 1116 782 llll

100 906 173 970 slat,
200 895 266 958 aliis
292 896 416 967 lacere,
447 893 536 976 quod
561 893 621 956 sibi
641 893 712 977 quis
737 893 809 956 lieri
829 897 918 972 velit,
948 897 981 958 in
1001 907 1120 959 lantum

99 998 256 1056 contraria
276 1007 433 1057 sectamur
454 994 605 1069 Romani,
626 1004 719 1057 utne
737 996 778 1058 de
797 997 847 1057 via
867 997 992 1079 quidem
1006 997 1120 1060 cedere

99 1097 169 1157 leve
190 1099 235 1158 eis
256 1099 306 1159 sil.
345 1097 449 1158 Pon-n
479 1097 573 1170 fides,
601 1105 632 1155 el
657 1093 823 1159 liberalitas
853 1095 1025 1160 diviniores
1048 1109 1121 1160 sunt

101 1202 249 1274 virtutos,
271 1219 364 1280 quam
385 1211 541 1258 uteorum
560 1217 658 1276 capax
678 1217 748 1259 esse
768 1198 868 1278 possit
883 1198 957 1260 urbs
970 1200 1083 1262 Roma.

507 1299 687 1360 Hutten.

175 1400 215 1459 Et
235 1421 303 1481 quae
325 1398 422 1460 tribus
453 1397 519 1460 aliis
540 1398 581 1458 ila
601 1399 755 1474 abundat,
781 1411 816 1460 ut
835 1420 1002 1463 numerum
1021 1421 1056 1462 ea
1077 1401 1121 1465 ibi

98 1519 164 1559 non
193 1499 331 1581 capiam:
368 1498 501 1572 scortis,
532 1498 768 1573 sacerdotibus,
795 1510 825 1559 el
854 1499 983 1575 scribis,
1014 1503 1120 1565 otioso

98 1599 213 1660 scilic-el
235 1621 352 1680 grege,
384 1615 415 1658 et
432 1597 559 1659 minime
579 1597 665 1679 frugi
685 1600 880 1674 bominibus,
909 1616 1027 1682 quanto
1049 1624 1121 1666 cum

97 1698 264 1779 dispendio
295 1719 422 1770 eorum,
454 1721 471 1759 a
497 1699 613 1779 quibus
637 1699 833 1774 fraudando,
862 1712 892 1760 el
920 1701 1120 1783 compilando

97 1799 253 1877 eripitur,
295 1799 384 1879 quod
416 1798 456 1858 ab
492 1798 540 1858 his
580 1798 780 1875 insumatur,
822 1820 888 1882 quo
922 1803 987 1863 haec
1022 1802 1121 1865 alatur

98 1896 281 1975 pernicies?
722 1980 725 1986 .
1103 1892 1106 1896 ⁴

496 2000 715 2062 Ernholm

174 2099 239 2159 Per
265 2099 358 2160 fidem
383 2098 580 2161 intolerabili.
619 2101 698 2161 Nam
719 2113 755 2162 ut
776 2101 852 2164 alios
876 2100 1013 2178 mittam,
1043 2102 1121 2187 quid
1208 2145 1210 2149 ν

99 2198 268 2259 Germania
287 2196 369 2275 luat,
390 2199 452 2261 ium
471 2201 594 2262 landem
614 2201 776 2263 sentimus.

526 2303 691 2364 llutten.

172 2402 214 2460 Et
239 2421 281 2460 ne
310 2401 418 2480 paucis
448 2402 580 2481 intelligi
607 2404 721 2477 detur,
754 2404 863 2484 quales
898 2402 961 2464 sint
984 2388 1121 2464 Romani

94 2520 197 2573 nunc,
219 2500 277 2560 tria
297 2521 406 2562 omnes
426 2513 539 2579 petunt
558 2504 687 2577 Rornae,
709 2503 865 2566 Varliscus
885 2501 1001 2586 inquil:
1022 2501 1122 2563 breve

97 2599 301 2672 sacrificium,
322 2611 413 2661 vetus
427 2620 556 2675 aurum,
576 2614 608 2662 et
623 2603 719 2665 vitam
733 2602 767 2664 iu
783 2602 905 2666 deliciis
921 2603 1082 2683 agendam.

510 2701 539 2760 E
550 2702 624 2762 rnb
633 2703 709 2764 old.

172 2801 250 2877 Quae
270 2798 433 2880 religionis
461 2803 659 2882 neglectum,
687 2802 865 2878 avaritiam,
891 2814 924 2865 et
941 2806 1013 2867 vitu
1032 2804 1122 2887 lgna·

98 2899 179 2961 viam
200 2911 347 2980 arguunt.
558 2907 562 2912 “

522 3000 684 3063 Hutten.

172 3098 297 3179 Quibus
329 3099 446 3159 scilicet
474 3097 557 3162 viliis
581 3111 647 3161 tota
674 3100 815 3163 obnoxia
840 3097 946 3162 dedita
966 3100 1041 3162 urbs
1061 3112 1121 3176 est,

97 3201 270 3281 quaelubet
288 3200 347 3260 tria
367 3201 443 3260 item
459 3199 519 3260 sibi
534 3200 719 3280 peculiaris:
740 3202 923 3280 pontificem
941 3198 1122 3279 maximum,

97 3313 205 3362 velera
224 3299 369 3374 muncia,
399 3317 432 3360 et
451 3301 583 3361 avaritiae
600 3301 748 3365 studium.

513 3402 706 3462 Ernbold.

174 3498 253 3557 Hui!
272 3501 394 3579 qualem
410 3499 566 3564 civilatem
581 3500 719 3563 ecclesie
736 3512 828 3582 eaput
842 3500 1008 3574 babemus,
1022 3500 1119 3582 igilur

98 3597 168 3659 lieri
189 3609 314 3676 polest,
333 3617 368 3658 nt
387 3622 403 3660 a
424 3603 496 3661 loeo
516 3614 563 3662 lot
591 3601 722 3663 venenis
749 3600 882 3675 inlecto,
911 3612 958 3661 lot
977 3601 1118 3680 pestibus

96 3708 273 3774 corrupto,
312 3714 357 3757 rot
390 3695 557 3778 eorporis,
593 3722 628 3760 ac
656 3702 832 3762 animorum
859 3701 949 3764 malis
976 3701 1117 3763 obnoxio

96 3799 275 3861 auser-arnus
297 3800 381 3859 lrune
400 3801 525 3860 tandem
545 3799 781 3880 principabor?

515 3901 693 3964 Hutten.

169 4004 213 4065 At
240 4022 309 4062 esse
332 4000 374 4062 ibi
405 3999 555 4081 expedit,
587 4000 640 4061 ubi
667 4000 728 4062 tria
752 4002 851 4086 vulgo
876 4012 968 4078 sunl,
997 4000 1120 4087 quasin

95 4104 178 4163 nulla
199 4114 351 4184 praeterea
376 4100 512 4175 civitate,

513 4202 705 4266 Eruhold.

169 4303 245 4382 Quae
265 4304 343 4365 illa?
