2632 5086
334 1230 392 1311 td
424 1234 628 1316 Martinmn
655 1236 868 1311 Lutherum.

510 1452 674 1479 nnn-fi

91 1663 186 1758 Vive
207 1696 371 1759 Libertas!
398 1694 430 1758 Si
450 1689 539 1776 quod
559 1694 598 1755 od
617 1714 671 1770 en,
691 1715 762 1779 quae
780 1717 898 1780 magno
918 1694 990 1764 istic
1010 1696 1113 1771 attinio

91 1817 203 1873 paras,
222 1807 257 1857 ut
276 1799 391 1870 video,
413 1794 670 1875 impedimentum
689 1797 745 1859 tibi
765 1794 949 1871 intercedit,
969 1816 1114 1858 necessa·

91 1894 141 1953 rio
171 1906 203 1954 et
231 1906 369 1956 amanter
398 1896 503 1957 doleo.
549 1896 616 1957 Noa
641 1895 692 1985 iric
716 1896 934 1978 promorimus
961 1897 1113 1963 nonnihil.

95 1992 239 2056 Christus
255 1996 352 2057 adsit!
377 1996 519 2058 Christus
540 1993 647 2077 juvet!
668 1995 927 2079 quandoquidem
946 1995 1017 2076 ejus
1036 2007 1115 2062 stata

94 2093 287 2157 adserimus:
331 2095 423 2176 ejus,
470 2099 667 2160 obscuratam
713 2091 945 2176 pontificiarum
981 2097 1115 2182 caligine

93 2195 368 2272 constitutionum,
388 2198 419 2258 in
439 2198 541 2260 lucem
567 2194 746 2259 reducimur
770 2196 958 2258 doctrinam:
990 2186 1116 2259 tuseii·

89 2292 179 2368 eius,
201 2317 263 2376 ego
284 2317 342 2377 pro
362 2298 493 2360 viribus.
532 2296 656 2359 Utinam
677 2308 730 2358 aut
750 2317 860 2358 omnes
879 2297 943 2358 hrec
963 2297 1115 2359 sentiant:

92 2410 143 2456 arn
162 2414 197 2455 se
216 2398 301 2458 uitro
322 2396 371 2460 isti
391 2406 585 2480 agnoscant,
604 2417 639 2457 ac
658 2395 691 2458 in
710 2395 793 2457 viam
814 2397 954 2459 redeant.
992 2394 1116 2459 Ferunt

90 2495 397 2561 excommunicatum
415 2508 458 2560 te.
496 2501 659 2578 Quantus,
688 2516 708 2555 ο
728 2496 890 2570 Ludere,
912 2505 1048 2578 quantus
1068 2514 1114 2574 ea,

90 2593 116 2656 si
136 2597 197 2657 hoc
215 2619 329 2660 verum
348 2601 417 2660 est!
446 2597 497 2661 De
516 2608 549 2657 te
568 2596 653 2658 enirn
672 2594 779 2659 dicent
797 2594 842 2676 pii
863 2614 991 2657 omnes:
1011 2604 1116 2676 capte·

92 2695 166 2756 bant
191 2697 324 2757 animam
348 2694 444 2774 justi,
476 2706 508 2757 et
534 2696 720 2777 sanguinem
741 2694 945 2757 innocentem
965 2694 1118 2759 condem·

92 2795 232 2855 nebant?
251 2798 308 2858 sed
328 2795 441 2858 reddet
459 2794 516 2858 iilis
541 2794 739 2877 iniquitatem
758 2795 920 2877 ipsorum:
952 2794 1036 2857 etin
1054 2815 1118 2861 ma·

92 2894 156 2957 litia
183 2907 296 2958 eornm
320 2894 481 2976 disperdet
507 2915 564 2958 eos
586 2894 742 2957 Dominus
770 2897 857 2961 Deus
882 2907 1004 2959 noster.
1040 2897 1119 2961 Hae
1164 2904 1169 2915 “

91 2994 185 3056 nobis
204 3014 294 3075 spes,
321 2997 387 3058 ineo
405 3008 474 3060 esto
494 2997 591 3058 tides!
629 2994 727 3057 Redit
746 2994 785 3055 ab
803 2995 885 3057 urbe
905 2992 1040 3073 Eccius,
1060 2996 1118 3059 be·

92 3094 212 3159 neficiis
241 3117 259 3157 a
292 3095 443 3175 pontifice
474 3107 506 3159 et
538 3095 691 3178 pecunie,
731 3096 820 3178 quod
850 3092 959 3176 ajunt,
995 3107 1117 3163 auctus.

93 3196 179 3275 Quid
199 3195 289 3258 tum?
316 3196 481 3259 Laudatur
499 3196 533 3258 in
551 3195 716 3260 desideriis
738 3195 803 3258 suis
822 3208 991 3276 peccator:
1007 3215 1067 3257 nos
1082 3196 1118 3259 in

91 3294 224 3357 veritate
243 3318 301 3360 sua
320 3295 435 3378 dirigat
453 3297 554 3360 Deus.
591 3297 699 3379 Atque
721 3296 819 3380 igitur
837 3294 999 3361 oderimus
1016 3296 1119 3360 ceeto-
1152 3356 1155 3361 .

94 3397 168 3456 siam
189 3396 438 3475 malignantium,
466 3408 589 3468 etcum
608 3394 711 3477 impiis
731 3417 799 3459 non
817 3394 1007 3458 sedebimus.
1045 3394 1117 3472 Cin.

94 3497 251 3576 cumspice
280 3509 401 3572 tamen,
427 3509 458 3559 et
477 3501 589 3579 oeulos
615 3496 731 3578 pariter
757 3516 793 3558 ac
817 3494 954 3558 animum
973 3496 1052 3559 trabe
1074 3494 1114 3561 ad

95 3595 163 3655 iilos
187 3596 349 3661 intentum.
390 3598 505 3674 Vides,
532 3597 558 3661 si
580 3618 666 3663 nunc
693 3597 803 3675 cadas,
836 3617 906 3683 quae
929 3595 971 3659 ait
988 3593 1117 3678 pudilico

98 3693 225 3772 iactura.
265 3698 364 3773 Nam,
393 3700 433 3759 ad
454 3711 486 3760 te
506 3697 595 3781 quod
621 3698 776 3778 pertinet,
807 3717 847 3759 eo
868 3715 937 3756 ease
956 3707 989 3758 te
1013 3695 1119 3760 animo

96 3796 181 3869 scio,
212 3807 248 3856 ut
266 3795 352 3857 malis
372 3795 417 3859 rie
435 3799 538 3872 mori,
571 3817 665 3880 quam
685 3807 849 3878 uteunque
877 3796 997 3859 vivere.
1035 3795 1120 3860 Mihi

97 3916 226 3978 quoque
247 3895 365 3957 insidiae
377 3906 465 3958 sunt:
485 3896 625 3972 cavebo,
648 3907 800 3979 quantum
819 3896 934 3959 licebit.
972 3895 1006 3959 si
1021 3894 1054 3957 ri
1072 3899 1119 3957 in·

97 4007 229 4078 eruent,
255 3997 337 4057 vires
364 4007 457 4058 erunt
482 3998 666 4070 adversum,
693 4017 758 4058 non
780 4007 899 4059 tautum
921 4016 1030 4079 pares,
1051 3996 1119 4085 sed,

98 4108 129 4157 nt
159 4117 275 4177 spero,
314 4096 495 4177 superiores
522 4097 626 4161 etiam.
669 4096 794 4159 Utinam
824 4117 875 4159 me
907 4104 1121 4159 contemnant.

98 4198 209 4259 Eccius
235 4216 285 4259 me
311 4196 444 4272 detulit,
477 4208 513 4260 ut
538 4208 643 4259 tecum
670 4196 852 4261 habentem:
884 4196 917 4259 in
938 4217 1005 4280 quo
1023 4197 1119 4260 tatsur
1180 4274 1188 4291 ι

98 4319 161 4358 ιιοη
177 4308 234 4359 est.
273 4297 403 4376 Semper
417 4298 500 4361 enim
514 4299 546 4360 iu
563 4297 617 4373 iis,
637 4319 707 4380 quaa
722 4295 882 4375 intellexi,
896 4309 1001 4360 tecum
1017 4297 1119 4362 sensi:

99 4408 127 4454 nt
147 4399 228 4459 indta
251 4396 312 4457 snit
334 4399 423 4478 prius
444 4399 643 4463 consuetude
663 4398 766 4461 nobis.
804 4400 901 4474 Nam,
928 4400 1017 4482 quod
1036 4399 1118 4462 idem
