2618 5094
178 137 246 197 210
416 122 557 196 Erasmi
585 122 631 191 ad
659 122 733 193 Ula.
759 123 962 192 liuttenuin

178 317 263 380 omni
283 316 424 379 Musices
445 336 573 396 gauere.
613 314 739 394 Lingua
766 315 844 376 mire
872 317 1035 395 explanata
1061 316 1202 379 articula·

177 432 291 502 taque,
323 417 400 480 nihil
418 418 536 479 habens
563 437 623 479 nec
642 436 802 498 praeceps,
832 438 895 480 neo
912 417 1066 480 lucsitans.
1105 418 1203 482 Cultu
1287 463 1290 469 -

175 518 309 601 simplici
327 519 519 595 delectatur,
550 537 611 580 nec
636 514 764 592 sericis,
799 538 982 599 purpurave
1005 529 1058 581 aut
1084 518 1202 582 catenis
1308 542 1309 545 ¹

173 619 280 685 aureis
298 619 417 696 utitur,
434 616 497 681 nisi
514 637 588 681 eram
603 616 767 701 integrum
782 638 852 682 non
868 629 917 681 eat
933 638 1067 701 ponere.
1103 616 1203 701 Rem

113 759 122 775 .
173 720 306 796 mium,
337 740 435 805 quam
457 717 623 803 negligens
641 716 684 783 sit
701 704 975 794 ceremoniarum,
1005 718 1126 805 quibua
1143 718 1202 799 lao-

173 819 296 895 minnm
318 821 434 905 vtdgus
459 816 615 897 catham,
652 840 779 883 morum
806 818 1013 885 civilitatem:
1039 822 1096 899 lraa
1121 830 1161 885 ut
1182 840 1203 885 a

172 922 300 987 nemine
316 919 435 1002 exigit,
464 919 508 983 ita
526 917 594 983 aliis
612 938 680 982 non
697 906 792 983 anxie
810 932 957 1003 prestat,
982 940 1045 985 nec
1069 920 1105 985 ἰι
1123 942 1200 987 con·

172 1010 353 1109 gressibus,
372 1040 434 1085 nee
452 1019 488 1083 in
506 1018 662 1094 conviviis
680 1020 898 1098 licerinum,
917 1008 985 1086 sion
1002 1021 1044 1087 sit
1058 1021 1199 1106 ignarus,

171 1120 326 1191 tituben
343 1121 403 1187 uti.
447 1120 513 1185 Sed
536 1120 691 1185 muliebre
714 1132 824 1203 putat,
858 1122 996 1207 viroque
1016 1122 1197 1209 ,ὶιιιῑῐςιιιιιιι9

171 1220 332 1305 εῇιιιιιιοᾶί
366 1220 498 1304 ineptiis
531 1220 648 1285 bonam
679 1224 831 1305 temporis
869 1235 991 1306 partem
1020 1224 1197 1289 maumam.

171 1324 225 1389 Ab
248 1325 318 1387 aula
347 1308 591 1405 principumtiue
618 1320 825 1387 familiaritate
852 1324 927 1389 olim
959 1323 1023 1387 luit
1054 1324 1197 1401 memor,

172 1423 264 1509 quod
296 1422 341 1485 illi
377 1440 504 1503 semper
540 1422 741 1505 peculiariter
775 1423 877 1489 invisa
911 1424 1010 1488 luerit
1045 1426 1196 1507 tyramaisi

170 1522 439 1611 quenadmodum
453 1521 612 1607 equastitas
630 1522 816 1605 gratissima.
852 1526 920 1589 Vix
935 1537 1041 1591 autem
1056 1526 1197 1611 reperias

169 1624 267 1703 ullam
291 1625 393 1689 aulam
418 1633 481 1687 tam
506 1623 808 1709 modernasque
833 1647 902 1690 non
926 1628 1059 1691 multum
1083 1628 1197 1693 lrabeat

170 1723 341 1809 ata-spitus,
367 1736 463 1810 atque
481 1722 677 1800 ambitionis,
703 1727 836 1801 multum
852 1722 920 1791 luci
939 1730 1074 1793 multum
1088 1730 1193 1813 amaa,
1256 1732 1262 1751 ’

171 1848 309 1913 quaque
326 1846 459 1910 prorsus
478 1822 558 1887 absit
582 1823 622 1886 ab
643 1823 729 1888 omni
754 1826 862 1909 specie
884 1826 1071 1907 tyrannidis.
1108 1827 1194 1911 Quin

170 1950 232 1995 nae
249 1928 285 1993 in
303 1937 439 1995 Hem-ici
455 1923 560 2015 octavi
578 1925 680 1988 aulam
699 1925 839 2007 pertrahi
861 1927 981 2009 potuit,
996 1940 999 1944 ’
1014 1926 1075 1992 uisi
1087 1931 1193 1993 multo

169 2028 321 2111 segeno,
352 2047 426 2089 cum
450 2028 513 2089 hoc
536 2027 679 2109 principe
702 2046 764 2091 nec
783 2027 886 2108 optari
904 2026 1075 2111 quicquam
1092 2028 1194 2113 possit
1277 2048 1284 2075 ν

167 2124 293 2191 civilius
321 2126 359 2189 ac
382 2126 571 2191 modestius.
616 2114 737 2193 Nalura
756 2127 916 2193 libertatis
939 2139 1035 2212 atque
1061 2128 1127 2195 otii
1144 2140 1192 2195 ast

168 2226 314 2305 aridior,
331 2226 391 2291 sed
402 2225 670 2310 quemadmodum
681 2227 835 2294 otiorum
846 2228 938 2292 datur
947 2228 1062 2294 lubens
1076 2230 1191 2311 tatium

168 2326 215 2395 ita
241 2329 370 2415 quoties
396 2328 500 2410 poscit
523 2348 577 2395 res
606 2349 701 2394 nemo
732 2327 912 2413 vigilantior
936 2340 990 2393 aut
1005 2329 1194 2412 patientior.-

168 2428 419 2503 Ad·⁴anicitiam
446 2439 541 2494 natus
570 2428 739 2514 lactustpse
764 2427 911 2505 ridetur,
953 2426 1047 2511 cujus
1074 2442 1107 2494 et
1128 2430 1191 2495 ain·

168 2524 350 2609 eaaiflmus
374 2541 424 2595 eat
449 2528 585 2607 cultor,
605 2541 640 2593 et
663 2531 761 2614 longe
786 2528 1001 2593 tenacissimus
1027 2540 1086 2593 est.
1123 2530 1191 2595 Nea

168 2622 351 2697 illa·metuit
368 2636 548 2710 πολυφιλίαν
566 2630 606 2693 ab
625 2634 766 2691 Hesiodo
784 2651 897 2713 parum
914 2628 1079 2694 laudatam.
1105 2631 1192 2695 Nulli

169 2750 237 2797 non
251 2740 337 2815 patet
353 2729 394 2793 ad
406 2729 648 2795 necessitudinis
666 2729 781 2795 foedus.
817 2733 1031 2815 Nequaquam·
1042 2749 1190 2797 maroam

170 2830 205 2895 in
222 2828 404 2914 diligendo,
423 2829 694 2893 commodissimus
713 2829 747 2893 in
765 2831 901 2906 alendo,
921 2829 1190 2895 constantissimus

168 2931 204 3001 in
220 2930 400 2995 retinendo.
438 2930 473 2996 si
490 2930 571 2995 loris
589 2930 699 2995 incidit
716 2929 750 2992 in
768 2930 968 3012 quempiam,
993 2927 1088 3009 cujus
1104 2927 1190 2995 vitiis

169 3032 291 3099 mederi
307 3054 374 3096 non
395 3032 517 3116 possit,
548 3033 633 3097 lrunc
652 3050 710 3112 per
734 3030 935 3094 occasionem
951 3028 1096 3106 dimittit,
1125 3029 1189 3095 dis·

168 3152 265 3201 muta
279 3133 461 3211 amicitiam,
480 3152 548 3197 non
561 3131 761 3214 abrumpens.
799 3133 890 3214 Quos
910 3132 1052 3196 sinceros
1070 3129 1189 3214 reperit

169 3247 203 3299 et
227 3236 270 3299 ad
292 3233 457 3318 ingenium
483 3246 576 3297 suum
603 3232 789 3315 appositos,
818 3233 934 3311 horum
957 3230 1189 3299 consuetudine

167 3334 347 3421 {malisque
372 3335 418 3398 sic
445 3333 638 3410 delectatam,
672 3343 708 3395 ut
734 3333 769 3395 in
796 3333 845 3397 his
873 3333 969 3396 rebus
999 3329 1188 3416 precipitato

167 3434 240 3499 via·
267 3439 462 3519 voluptatem
490 3454 612 3515 ponere
637 3433 793 3497 videatur.
842 3432 922 3497 Nam
947 3454 967 3497 a
991 3432 1077 3517 pila,
1109 3433 1184 3507 alea,

166 3535 306 3613 cmm,
344 3535 530 3618 ceterisque
562 3535 682 3613 lusibus
716 3534 834 3619 quibus
868 3537 983 3618 vulgus
1015 3550 1187 3615 procerum

165 3634 319 3717 temporis
337 3634 464 3699 tedium
481 3637 562 3699 solet
579 3634 705 3711 fallere,
730 3654 863 3716 prorsus
881 3635 1040 3699 abhorret.
1076 3632 1184 3697 Porro

164 3748 203 3803 tat
218 3735 427 3821 propriarum·
438 3728 546 3823 rerum
563 3748 613 3801 eat
627 3734 859 3821 negligentior,
878 3734 923 3799 ita
937 3755 1032 3805 nemo
1042 3732 1185 3827 ‘diligen-
