2632 5086
407 702 511 777 Tries
535 703 901 807 RomaueDialogua.
1096 714 1170 789 433

549 897 584 959 Η
598 919 620 960 ιι
634 909 674 959 tt
688 920 707 961 e
723 921 755 962 n.

222 996 290 1057 Jam
318 1017 387 1059 nou
414 1016 539 1060 mecum
556 1018 662 1079 speras
687 998 801 1082 igitur,
833 1009 867 1061 et
890 999 1014 1063 ruinam
1041 1000 1169 1069 illorum

145 1095 324 1176 prospicis?

553 1200 703 1271 Ernlto
716 1200 768 1263 ld.

223 1294 291 1356 Jam
313 1296 453 1374 tandem,
483 1308 514 1359 te
534 1312 672 1379 augente
691 1300 838 1365 animum.

552 1399 584 1460 H
600 1422 621 1459 u
637 1411 649 1459 t
664 1410 704 1464 ie
718 1423 750 1463 u,

219 1495 293 1556 Nou
322 1498 425 1559 credis
452 1518 546 1581 qtrum
570 1497 721 1579 indigne,
760 1523 919 1587 quamque
947 1504 1098 1569 iracunde
1124 1527 1167 1568 ex

144 1593 338 1676 principibus
371 1598 503 1680 quidam
537 1600 689 1681 Augustae
722 1602 849 1665 tulerint
885 1626 968 1666 anno
1008 1606 1167 1687 superiori

145 1698 305 1775 quoddam
319 1696 462 1777 Cajetaui
482 1699 643 1762 cardinalis
663 1701 810 1777 verbum;
831 1725 902 1766 atam
920 1705 963 1767 illi
976 1705 1167 1788 lortelonga

145 1798 247 1860 tanat
274 1811 398 1861 ostensa
425 1800 705 1863 ecclesiasticorum
724 1824 857 1885 pompa,
889 1827 982 1887 quam
1003 1804 1167 1885 corispica·
1249 1830 1254 1837 ·

143 1909 210 1965 tus,
243 1920 314 1960 curn
345 1896 465 1962 ordinis
485 1898 573 1981 ejus,
606 1911 642 1962 ut
667 1904 752 1984 apud
769 1926 848 1979 noa,
877 1906 1103 1983 reverentiam,
1132 1914 1164 1967 et

144 2020 237 2081 qnam
257 2000 422 2082 magnifice
442 2012 540 2083 agum
557 2001 607 2062 hic
627 2004 824 2079 sacerdotes,
861 2002 1082 2084 cognovisset,
1103 2015 1163 2065 sta·

143 2100 197 2160 tim
216 2099 249 2161 in
275 2102 335 2163 hoc
355 2102 501 2184 prorupit
531 2103 686 2179 facetum,
714 2114 750 2165 ut
774 2101 819 2167 illi
838 2103 1013 2167 videbatur.
1054 2106 1162 2184 Quam·

140 2212 210 2277 tos,
241 2201 406 2285 iuquiens,
439 2205 624 2268 stabularios
646 2203 782 2268 Romani
801 2204 968 2280 hahemus,
1004 2206 1163 2268 stultitiam

141 2302 337 2382 exprobrans
358 2302 467 2379 nobis,
490 2303 546 2386 qui
564 2325 636 2369 cum
653 2306 729 2367 tales
748 2302 860 2382 simus,
880 2324 921 2367 eo
942 2304 1015 2383 cogi
1028 2306 1162 2366 sustine·

141 2422 226 2476 mus,
261 2413 295 2462 ut
322 2402 524 2467 cardinalium
552 2415 586 2466 et
611 2404 835 2487 episcoporum
860 2406 969 2468 Ilomae
989 2406 1104 2479 arulas,
1129 2412 1162 2465 et

141 2522 243 2583 equos
261 2500 429 2578 tricenus,
450 2524 485 2565 ac
503 2504 768 2586 despectissimam
787 2504 957 2585 quamlibet
977 2504 1162 2570 seruitutem

143 2601 304 2664 obeamus.
341 2602 414 2664 Hoc
433 2604 483 2666 alii
499 2604 615 2669 lactum
633 2606 825 2682 fremebant,
836 2626 900 2683 ego
920 2605 1049 2669 liberius
1067 2625 1161 2668 acen·

141 2703 248 2765 sabam
268 2702 373 2778 etiam,
390 2703 502 2767 crebro
518 2709 619 2785 palam
637 2727 822 2783 susurrans,
843 2706 1007 2789 intlignum
1022 2725 1091 2769 esse
1102 2707 1160 2768 hac

140 2803 269 2865 natione
289 2805 406 2867 abhoc
425 2807 586 2870 hominum
605 2827 724 2890 genere
744 2828 809 2868 non
829 2808 914 2868 vinci
938 2817 1058 2869 tarnum
1081 2824 1159 2880 uos,

140 2905 198 2967 sed
218 2904 408 2986 triumphare
427 2906 537 2970 etiam:
576 2927 648 2970 nam
665 2908 748 2971 baud
767 2910 828 2969 ulla
847 2905 993 2969 acerbior
1011 2915 1058 2966 est
1075 2900 1160 2984 inju-

138 3006 200 3079 ria,
222 3027 315 3088 quam
334 3027 408 3070 cum
425 3006 601 3091 opprobrio
622 3028 691 3091 quae
716 3011 752 3071 iit
775 3005 990 3080 confidenter,
1010 3015 1043 3064 et
1062 3001 1160 3067 abiu·

137 3107 332 3172 sultantibus.

535 3205 745 3273 Ertthold.

210 3310 253 3372 m
272 3310 323 3372 ille
342 3310 460 3373 utinam
483 3304 539 3371 diu
557 3308 618 3386 sie,
639 3322 671 3371 et
690 3326 773 3393 sepe
790 3308 985 3388 triumphet,
1005 3324 1072 3390 quo
1090 3314 1158 3367 tau·

138 3411 210 3471 dem
229 3408 362 3473 maxime
386 3408 487 3471 nostri
506 3429 566 3473 nos
586 3411 718 3492 pudeat,
752 3408 808 3494 qni
828 3409 902 3471 mihi
922 3407 1051 3490 quidem
1069 3416 1158 3469 reete

139 3507 264 3569 videtur
282 3509 343 3570 hoc
360 3508 496 3585 dixisse,
521 3508 567 3573 sic
586 3512 620 3572 fit
639 3509 733 3583 onim.
771 3510 884 3594 Neque
902 3493 972 3571 lere
990 3504 1158 3592 quisqbam

137 3608 189 3671 hic
209 3607 327 3691 pingue
345 3609 556 3674 sacerdotium
576 3611 685 3688 habel,
714 3611 770 3693 qui
796 3630 862 3671 non
889 3619 944 3671 aut
964 3609 1072 3671 Rome
1090 3627 1157 3670 ser·

137 3707 250 3783 vierit,
271 3719 322 3770 aut
339 3728 398 3790 per
416 3708 613 3793 largitionem
631 3712 727 3777 multa
743 3708 925 3791 profuderit
942 3728 998 3783 eo,
1027 3717 1081 3770 ant
1100 3706 1158 3789 qui

138 3810 295 3892 Fuggeris
315 3808 582 3877 intercedentibus
601 3808 712 3877 emerit
728 3808 832 3877 etiam
879 3808 944 3871 Sed
974 3803 1156 3886 meipsius

138 3934 205 3975 vox
224 3928 332 3974 nonne
356 3910 463 3999 aliquo
487 3906 606 3998 insigni
630 3911 734 3985 dicto,
765 3920 819 3973 aut
836 3905 920 3972 lacto
940 3906 1157 3972 summersa

137 4014 177 4076 ab
197 4033 238 4077 eo
258 4000 341 4076 tuit?

286 4173 289 4177 ,
567 4108 742 4177 fimum

215 4214 310 4298 Quod
328 4212 412 4292 dixi,
435 4210 649 4280 irascebantur
674 4208 837 4290 nomtttlli,
862 4221 896 4278 et
913 4228 1054 4277 mmmur
1072 4217 1155 4287 erat,

140 4337 176 4379 ae
193 4320 225 4379 iu
244 4338 337 4381 aures
355 4328 551 4381 susurratum
570 4328 628 4379 est.
665 4313 797 4385 Diceres
815 4312 1021 4397 ignomisiam
1041 4326 1159 4395 agnos·

175 4451 248 4507 ttutt.
268 4456 315 4517 ορ.
333 4458 360 4505 r.
377 4456 420 4517 tn.
823 4428 869 4491 28
