2632 5086
305 39 1204 331 Π

137 746 208 820 ³62
462 744 626 818 Fortuna
650 740 836 843 Dialogus.

561 938 729 999 Hutten.

211 1037 255 1099 Ar
278 1034 339 1118 jam
365 1034 507 1097 laborari
531 1056 630 1099 annos
653 1034 744 1098 nimis
769 1034 899 1110 multos,
927 1055 988 1098 nec
1009 1035 1044 1099 id
1065 1037 1156 1101 adsc-

132 1148 254 1220 quutus
275 1157 355 1211 sum.

543 1236 743 1297 Fortuna.

212 1336 299 1417 Quid
317 1334 480 1397 laborabas
507 1355 606 1411 uero,
643 1335 669 1398 si
698 1335 854 1414 theologis
878 1336 1029 1397 credebas
1052 1335 1157 1398 omnia

136 1438 234 1501 multo
253 1446 324 1498 ante
345 1457 439 1518 quam
461 1437 623 1510 eveniant,
648 1436 776 1515 provisa
795 1435 977 1497 mortalibus
1001 1437 1102 1498 csse?

570 1537 745 1601 Hutten..

212 1637 412 1700 Laborabarn
437 1648 551 1700 tamen.

553 1738 744 1799 Fortuna.

213 1837 262 1898 Ne
286 1837 334 1898 illa
356 1837 383 1898 si
405 1857 468 1898 non
489 1847 572 1901 esset
593 1835 711 1898 seilicet
732 1835 947 1916 providentia,
974 1847 1009 1897 tu
1027 1833 1159 1898 haberes

139 1942 241 1997 tamon
261 1937 345 1996 unde
370 1936 516 2011 viveres,
540 1956 583 1996 no
603 1936 806 2013 esuriendum
829 1934 885 1996 tibi
909 1936 1017 1998 esset?

560 2035 725 2096 Hutten.

213 2134 365 2208 Minime,
391 2133 448 2195 sed
466 2133 622 2194 docebant
642 2132 736 2194 iidem
756 2133 798 2194 illi
818 2135 998 2210 (recordor)
1022 2134 1161 2214 paranda

139 2256 208 2299 esse
235 2233 343 2295 labore
376 2233 497 2308 omnia,
532 2233 665 2294 subinde
698 2233 887 2296 inculcantes
917 2234 1012 2309 mihi,
1039 2255 1162 2296 merum

137 2336 278 2399 laborem
312 2355 381 2397 csse
414 2333 508 2396 vitam
541 2335 641 2406 hanc,
682 2333 781 2394 otium
819 2355 895 2394 vero
927 2335 1162 2399 detcstabantur

137 2436 279 2513 infense,
300 2436 465 2518 quamdam
485 2453 582 2513 porro
600 2453 765 2512 superesse
783 2431 907 2511 aiebant
924 2434 1018 2494 vitain
1033 2436 1161 2511 laboris,

139 2559 176 2599 ac
199 2538 327 2601 duritiei
352 2546 514 2613 expertem
543 2534 661 2609 omnis,
700 2555 771 2616 quse
795 2534 879 2595 bona
904 2534 1033 2596 haberet
1055 2557 1163 2617 supra,

140 2657 235 2719 quam
256 2647 365 2716 optare
388 2633 500 2716 aliquis
522 2622 638 2714 possit,
669 2632 809 2713 copioso.

556 2735 754 2796 Fortuna.

216 2835 349 2908 Mirum,
372 2846 532 2918 quaesunt
554 2833 759 2915 provisajam
784 2832 815 2893 in
835 2836 973 2915 quodam
997 2835 1089 2918 quasi
1115 2855 1165 2897 rc·

141 2936 312 3018 positorio,
337 2935 426 2996 etita
444 2934 516 2996 latis
537 2934 651 3009 infixa,
671 2945 706 2994 ut
721 2935 873 2995 remorari
892 2955 942 3009 ca,
966 2958 1031 3017 quo
1049 2939 1165 3012 minus,

140 3050 175 3101 ut
203 3038 354 3101 destinata
378 3047 467 3111 sunt,
495 3035 656 3109 eveniant,
686 3033 761 3096 nihil
790 3034 903 3114 possit,
932 3037 1035 3098 adhuc
1066 3039 1165 3121 quaeri

140 3140 268 3215 labore,
297 3150 329 3199 et
353 3136 505 3201 industria
528 3146 687 3216 oportere.

570 3237 734 3296 Hutten.

215 3337 329 3398 Fatum
344 3355 409 3395 non
425 3345 472 3397 est
492 3356 533 3395 ex
552 3336 666 3397 horum
680 3335 840 3410 doctrina,
861 3337 918 3398 sed
930 3335 1036 3397 divina
1050 3340 1167 3401 volun·

143 3448 205 3512 tas,
225 3447 317 3517 atque
331 3455 368 3496 ca
383 3432 599 3495 necessitatem
614 3456 680 3495 non
698 3435 802 3510 habet,
822 3437 878 3497 sed
894 3435 991 3497 libere
1005 3439 1167 3516 providet,

143 3556 181 3598 ac
192 3535 277 3599 flecti
291 3537 436 3604 horsum,
457 3544 488 3594 et
503 3531 642 3594 illorsum
659 3535 757 3624 votis,
779 3547 810 3594 et
826 3535 1060 3614 precationibus
1084 3539 1168 3601 sinit.

561 3657 756 3719 fortuna.

220 3758 306 3843 Quid
325 3769 360 3820 tu
378 3778 444 3819 non
463 3754 561 3820 flectis
571 3759 663 3819 ‚hane
690 3756 807 3841 igitur?

572 3861 739 3922 Hutten.

222 3961 263 4025 Ut
284 3962 491 4042 locupletator
512 3960 641 4044 quidem
663 3962 803 4022 nondum
828 3963 1002 4044 impetravi.

562 4061 750 4124 Fortuna.

198 4165 200 4170 ⁴
223 4165 421 4248 Quemquam
438 4162 620 4244 impetrasse
639 4182 718 4223 vero
737 4161 869 4224 uidisti?

578 4264 738 4325 Hutten.

222 4362 344 4428 Divites
365 4364 440 4427 istos
460 4363 585 4441 aiebant
603 4362 743 4446 theologi
770 4361 944 4425 obtinuisse
962 4362 1032 4423 lroc.
1052 4412 1056 4419 .
1141 4408 1146 4415 .
