2632 5086
159 751 223 821 178
318 680 322 685 ·
575 738 755 839 Apologia

151 938 197 1001 sic
227 938 396 1014 crederet,
435 934 583 1018 illamque
613 932 672 996 tihi
705 933 905 1017 magnificam
942 944 1081 1017 pateram
1116 936 1176 1000 alio

152 1040 280 1101 nomine
309 1062 374 1101 uon
402 1050 437 1100 ut
463 1049 574 1099 contra
601 1056 661 1099 nos
685 1034 746 1097 sibi
774 1039 974 1110 consuleres,
1005 1038 1176 1115 'l'yrunnus

151 1140 295 1223 dederit,
341 1153 373 1202 et
404 1152 435 1200 tc
469 1137 574 1200 Caesar
608 1137 676 1218 ipse
707 1135 812 1212 salso,
858 1138 952 1197 nmlla
981 1148 1013 1198 te
1046 1138 1178 1219 indigna

150 1244 327 1318 admisisse,
349 1256 380 1305 et
403 1239 588 1313 crediderit,
608 1251 640 1301 et
660 1237 725 1299 aliis
744 1239 954 1317 persuaserit,
980 1249 1082 1299 tamen
1103 1260 1177 1303 cum

150 1355 183 1408 te
213 1345 258 1406 sie
289 1356 325 1405 ut
351 1343 481 1405 fratrem
510 1339 657 1401 dilexerit
688 1357 813 1417 semper
836 1338 1024 1401 Ludovicus
1051 1339 1176 1423 tibique

149 1445 245 1507 iidem
273 1445 306 1505 in
335 1443 481 1505 onrnibus
512 1439 676 1513 habuerit,
711 1449 741 1499 te
772 1439 924 1519 pecunia,
957 1451 989 1501 te
1013 1429 1099 1519 epe,
1138 1460 1174 1503 ae

149 1546 264 1625 opibus
290 1544 477 1607 amicissime
498 1563 624 1621 semper
639 1537 778 1619 juverit,
807 1538 885 1621 quid
904 1539 1011 1604 facere
1030 1561 1097 1603 non
1117 1542 1174 1605 de-

146 1645 244 1711 buisti
258 1649 319 1709 ltec
336 1666 376 1706 ne
393 1642 539 1707 faceres?
563 1643 653 1725 qued
672 1640 705 1701 in
724 1639 824 1715 illius,
844 1641 1085 1723 liberorumque
1104 1643 1176 1723 ejus

146 1747 368 1810 contumeliam
401 1762 538 1827 vergere
571 1740 694 1807 scires?
730 1740 763 1805 Α
787 1763 839 1805 nte
868 1764 949 1805 vero
983 1765 1080 1826 qttam
1107 1767 1175 1809 non

145 1846 356 1911 conveniebat
391 1847 472 1908 hanc
507 1856 538 1905 te
576 1840 752 1924 auspicari,
802 1842 930 1925 quicum
967 1842 1024 1904 libi
1060 1856 1174 1935 preter

145 1950 218 2011 alias
249 1947 497 2009 necessitudines
530 1945 708 2007 studiorum
736 1943 828 2004 etiam
867 1945 1048 2006 communio
1085 1944 1174 2008 ruit?

145 2050 254 2131 Atque
285 2047 381 2128 igitur
416 2055 535 2127 quante
568 2045 825 2124 intemperantius
853 2056 887 2106 tu
918 2057 948 2104 te
978 2046 1080 2125 geris,
1117 2046 1173 2129 qui

144 2150 190 2212 sic
221 2148 368 2209 ardenter
397 2145 507 2219 odisti,
537 2166 632 2228 quam
651 2166 731 2226 ego,
762 2146 817 2227 qui
842 2144 897 2206 abs
917 2157 947 2205 te
967 2148 1073 2220 laesus,
1100 2166 1172 2210 cum

144 2268 271 2328 possem
302 2248 362 2307 alio
395 2246 535 2328 quodam
561 2246 659 2306 modo
691 2244 836 2323 iujuriam
859 2249 939 2309 hanc
968 2249 1171 2326 expostulare

143 2359 268 2422 tecum,
309 2348 353 2409 sic
390 2369 471 2427 ago,
513 2357 549 2407 ut
585 2366 651 2406 nou
684 2345 795 2408 ridear
827 2348 1048 2409 contumeliam
1085 2347 1168 2411 lacte

144 2450 271 2524 ulcisci,
296 2451 354 2512 scd
374 2448 515 2532 jurgium
533 2448 624 2530 quasi
652 2447 753 2509 verbo
774 2446 912 2521 diluere,
939 2448 1037 2530 idque
1058 2461 1169 2530 preter

142 2551 316 2613 amicorum
348 2548 508 2611 consilia?
566 2548 636 2611 Jam
679 2548 741 2609 hoc
781 2567 890 2609 omues
926 2548 1000 2610 milti
1036 2553 1168 2616 clamant

141 2652 250 2713 enim:
290 2651 375 2729 Quid
399 2649 464 2709 tu?
501 2660 658 2730 acceptam
685 2648 719 2711 in
747 2662 779 2710 te
807 2650 900 2711 talem
928 2652 1165 2729 contumeliam,

140 2770 207 2811 non
232 2748 349 2831 insigni
383 2750 490 2832 aliquo
520 2748 664 2811 facinore
691 2749 878 2811 ulcisceris?
931 2752 1046 2834 Neque
1074 2752 1166 2829 milti,

141 2849 231 2932 quod
259 2861 294 2911 tu
329 2850 413 2911 haud
443 2850 589 2932 ignoras,
628 2849 783 2911 defuturas
816 2849 900 2913 vires
934 2862 1042 2927 erant,
1081 2851 1109 2915 si
1135 2864 1167 2915 te

142 2949 229 3012 aliter
257 2960 351 3031 atque
380 2949 500 3013 institui
529 2961 662 3012 tractore
688 2949 870 3012 voluissem.
906 2949 1091 3015 Continebo
1116 2973 1166 3015 me

138 3062 263 3127 tamen,
298 3062 331 3114 et
361 3052 462 3114 lenius
495 3052 630 3113 offensas
658 3073 741 3113 meas
773 3071 969 3133 prosequar,
1006 3059 1101 3134 (perimi
1132 3065 1167 3116 tn

139 3149 305 3217 amicitiam
326 3152 501 3239 habendam
520 3151 648 3215 duxisti.
694 3152 798 3213 Unum
818 3164 920 3215 tamen
939 3152 1013 3214 milti
1032 3176 1166 3234 respon·

138 3250 229 3313 debis
256 3273 322 3311 non
348 3263 497 3332 gravate,
536 3251 615 3335 quid
642 3263 695 3325 te,
731 3262 764 3312 ut
792 3264 853 3313 tam
879 3253 992 3314 acerbe
1022 3252 1064 3334 in
1082 3256 1165 3317 hunc

140 3349 299 3432 quantivis
311 3351 463 3413 momenti
471 3350 642 3435 Dialogum
656 3354 838 3415 consuleres
854 3345 975 3428 meum,
996 3354 1165 3436 impulerit.

140 3440 213 3514 Hoc
237 3452 436 3526 metuebam,
463 3450 588 3535 inquis,
623 3472 663 3512 ue
688 3453 715 3514 si
744 3453 937 3535 Virceburgi
969 3457 1164 3519 venderetur

140 3552 242 3627 liber,
272 3553 391 3636 aliquid
425 3565 509 3615 esset
540 3552 614 3614 inde
642 3552 794 3634 episcopo
821 3566 932 3617 nostro
959 3554 1164 3633 incommodi,

48 3714 52 3721 ,
139 3653 310 3734 presertim
342 3655 444 3716 modis
480 3653 627 3731 omnibus
655 3674 728 3714 cum
759 3653 872 3716 scirem
903 3676 976 3717 eum
1007 3655 1041 3716 in
1069 3676 1165 3739 quem

138 3754 265 3829 scribis,
292 3757 431 3817 ulturum
451 3775 531 3816 sese.
570 3754 681 3836 ltaque.
707 3775 765 3816 nos
784 3754 903 3816 invidia
922 3755 1075 3831 liberare,
1099 3777 1166 3819 non

139 3867 169 3919 te
195 3877 331 3919 onerare
357 3854 466 3930 volui,
492 3855 589 3936 idque
616 3844 707 3927 leci,
721 3855 847 3917 minime
867 3868 979 3936 putans
1006 3859 1165 3920 offensum

137 3954 176 4019 iri
197 3968 239 4020 te.
278 3959 355 4017 Hae
374 3967 408 4017 tu
431 3956 532 4017 verbo
550 3958 724 4035 respondes
746 3956 892 4040 quidem,
922 3978 957 4019 re
978 3968 1083 4019 autem
1101 3959 1164 4021 scis

136 4067 224 4119 aluo
244 4040 329 4118 sacto
350 4062 482 4118 multum
501 4057 599 4119 alieml
619 4056 729 4119 luisse.
768 4061 835 4119 tlec
849 4061 880 4134 ²³)
901 4057 980 4140 quid
998 4060 1073 4120 ruihi
1090 4082 1164 4139 per·

136 4157 269 4257 suadeas
290 4158 362 4233 hie,
389 4156 529 4243 ignoras.
568 4158 622 4219 'l'u
645 4161 721 4242 quia
741 4160 971 4243 mibiputabas
997 4164 1163 4229 stomacho

136 4275 330 4292 ἡ

172 4358 202 4424 *)
217 4372 261 4416 tt:
281 4384 304 4422 ι.
