<?xml version="1.0" encoding="UTF-8"?>
<!DOCTYPE html PUBLIC "-//W3C//DTD XHTML 1.0 Transitional//EN"
    "http://www.w3.org/TR/xhtml1/DTD/xhtml1-transitional.dtd">
<html xmlns="http://www.w3.org/1999/xhtml" xml:lang="en" lang="en">
 <head>
  <title>
</title>
<meta http-equiv="Content-Type" content="text/html;charset=utf-8" />
  <meta name='ocr-system' content='tesseract 3.04.00' />
  <meta name='ocr-capabilities' content='ocr_page ocr_carea ocr_par ocr_line ocrx_word'/>
</head>
<body>
  <div class='ocr_page' id='page_1' title='image "./ulrichiabhutten02mngoog_0080.png"; bbox 0 0 2632 5086; ppageno 0'>
   <div class='ocr_carea' id='block_1_1' title="bbox 175 1213 1122 1476">
    <p class='ocr_par' dir='ltr' id='par_1_1' title="bbox 175 1213 1122 1476">
     <span class='ocr_line' id='line_1_1' title="bbox 175 1213 1122 1353; baseline 0.002 -24"><span class='ocrx_word' id='word_1_1' title='bbox 175 1254 396 1353; x_wconf 79' lang='lat' dir='ltr'>Epistola</span> <span class='ocrx_word' id='word_1_2' title='bbox 420 1213 1122 1349; x_wconf 65' lang='lat' dir='ltr'>adBilibetdumPirkheimer,</span> 
     </span>
     <span class='ocr_line' id='line_1_2' title="bbox 425 1389 885 1476; baseline 0.009 -15"><span class='ocrx_word' id='word_1_3' title='bbox 425 1389 597 1471; x_wconf 78' lang='lat' dir='ltr'>Patrio,</span> <span class='ocrx_word' id='word_1_4' title='bbox 621 1389 825 1465; x_wconf 88' lang='lat' dir='ltr'>Norimb.</span> <span class='ocrx_word' id='word_1_5' title='bbox 851 1395 885 1476; x_wconf 66' lang='lat'>⁴)</span> 
     </span>
    </p>
   </div>
   <div class='ocr_carea' id='block_1_2' title="bbox 280 1578 1028 1672">
    <p class='ocr_par' dir='ltr' id='par_1_2' title="bbox 280 1578 1028 1672">
     <span class='ocr_line' id='line_1_3' title="bbox 280 1578 1028 1672; baseline 0.007 -27"><span class='ocrx_word' id='word_1_6' title='bbox 280 1583 351 1669; x_wconf 78' lang='lat' dir='ltr'>Qua</span> <span class='ocrx_word' id='word_1_7' title='bbox 370 1582 526 1643; x_wconf 88' lang='lat' dir='ltr'>Huttenus</span> <span class='ocrx_word' id='word_1_8' title='bbox 546 1578 615 1640; x_wconf 77' lang='lat' dir='ltr'>vite</span> <span class='ocrx_word' id='word_1_9' title='bbox 634 1598 696 1641; x_wconf 79' lang='lat' dir='ltr'>sura</span> <span class='ocrx_word' id='word_1_10' title='bbox 715 1582 868 1647; x_wconf 87' lang='lat' dir='ltr'>rationem</span> <span class='ocrx_word' id='word_1_11' title='bbox 887 1581 1028 1672; x_wconf 79' lang='lat' dir='ltr'>exponit.</span> 
     </span>
    </p>
   </div>
   <div class='ocr_carea' id='block_1_3' title="bbox 535 1772 757 1794">
    <p class='ocr_par' dir='ltr' id='par_1_3' title="bbox 535 1772 757 1794">
     <span class='ocr_line' id='line_1_4' title="bbox 535 1772 757 1794; baseline -0.005 0"><span class='ocrx_word' id='word_1_12' title='bbox 535 1772 757 1794; x_wconf 64' lang='grc' dir='ltr'>ψ--ν--ι-ν</span> 
     </span>
    </p>
   </div>
   <div class='ocr_carea' id='block_1_4' title="bbox 213 1916 1098 1978">
    <p class='ocr_par' dir='ltr' id='par_1_4' title="bbox 213 1916 1098 1978">
     <span class='ocr_line' id='line_1_5' title="bbox 213 1916 1098 1978; baseline 0 -1"><span class='ocrx_word' id='word_1_13' title='bbox 213 1921 336 1978; x_wconf 75' lang='lat' dir='ltr'>Utricus</span> <span class='ocrx_word' id='word_1_14' title='bbox 354 1922 392 1977; x_wconf 77' lang='lat' dir='ltr'>de</span> <span class='ocrx_word' id='word_1_15' title='bbox 408 1922 524 1977; x_wconf 79' lang='lat' dir='ltr'>Hutten</span> <span class='ocrx_word' id='word_1_16' title='bbox 540 1916 698 1972; x_wconf 79' lang='lat' dir='ltr'>Bilibeldo</span> <span class='ocrx_word' id='word_1_17' title='bbox 716 1917 931 1976; x_wconf 78' lang='lat' dir='ltr'>Pirckhar&#39;mer</span> <span class='ocrx_word' id='word_1_18' title='bbox 947 1919 1098 1978; x_wconf 77' lang='lat' dir='ltr'>Salutem.</span> 
     </span>
    </p>
   </div>
   <div class='ocr_carea' id='block_1_5' title="bbox 113 2059 1230 3767">
    <p class='ocr_par' dir='ltr' id='par_1_5' title="bbox 113 2059 1230 3767">
     <span class='ocr_line' id='line_1_6' title="bbox 149 2059 1181 2167; baseline 0.007 -19"><span class='ocrx_word' id='word_1_19' title='bbox 149 2059 273 2155; x_wconf 81' lang='lat' dir='ltr'><strong>Adhuc</strong></span> <span class='ocrx_word' id='word_1_20' title='bbox 301 2084 403 2153; x_wconf 84' lang='lat' dir='ltr'>omnia</span> <span class='ocrx_word' id='word_1_21' title='bbox 430 2091 504 2152; x_wconf 90' lang='lat' dir='ltr'>mihi</span> <span class='ocrx_word' id='word_1_22' title='bbox 530 2102 633 2152; x_wconf 88' lang='lat' dir='ltr'>tecum</span> <span class='ocrx_word' id='word_1_23' title='bbox 658 2090 866 2165; x_wconf 77' lang='lat' dir='ltr'>conveniunt,</span> <span class='ocrx_word' id='word_1_24' title='bbox 900 2090 1068 2167; x_wconf 83' lang='lat' dir='ltr'>Bilibalde,</span> <span class='ocrx_word' id='word_1_25' title='bbox 1096 2112 1181 2156; x_wconf 80' lang='lat' dir='ltr'>nee·</span> 
     </span>
     <span class='ocr_line' id='line_1_7' title="bbox 149 2189 1159 2273; baseline -0.001 -19"><span class='ocrx_word' id='word_1_26' title='bbox 149 2190 225 2254; x_wconf 88' lang='lat' dir='ltr'>dum</span> <span class='ocrx_word' id='word_1_27' title='bbox 244 2190 352 2272; x_wconf 84' lang='lat' dir='ltr'>judicii</span> <span class='ocrx_word' id='word_1_28' title='bbox 372 2214 421 2254; x_wconf 92' lang='lat' dir='ltr'>me</span> <span class='ocrx_word' id='word_1_29' title='bbox 440 2190 501 2251; x_wconf 89' lang='lat' dir='ltr'>mei</span> <span class='ocrx_word' id='word_1_30' title='bbox 517 2189 616 2273; x_wconf 75' lang='lat' dir='ltr'>piget,</span> <span class='ocrx_word' id='word_1_31' title='bbox 637 2211 702 2271; x_wconf 87' lang='lat' dir='ltr'>qno</span> <span class='ocrx_word' id='word_1_32' title='bbox 723 2200 752 2248; x_wconf 83' lang='lat' dir='ltr'>te</span> <span class='ocrx_word' id='word_1_33' title='bbox 772 2189 874 2250; x_wconf 84' lang='lat' dir='ltr'>virum</span> <span class='ocrx_word' id='word_1_34' title='bbox 893 2191 985 2252; x_wconf 83' lang='lat' dir='ltr'>statui</span> <span class='ocrx_word' id='word_1_35' title='bbox 1006 2203 1159 2272; x_wconf 84' lang='lat' dir='ltr'>apertum,</span> 
     </span>
     <span class='ocr_line' id='line_1_8' title="bbox 148 2289 1160 2355; baseline -0.001 0"><span class='ocrx_word' id='word_1_36' title='bbox 148 2291 304 2355; x_wconf 83' lang='lat' dir='ltr'>sincerum</span> <span class='ocrx_word' id='word_1_37' title='bbox 325 2302 356 2353; x_wconf 90' lang='lat' dir='ltr'>et</span> <span class='ocrx_word' id='word_1_38' title='bbox 377 2291 518 2351; x_wconf 84' lang='lat' dir='ltr'>liberum.</span> <span class='ocrx_word' id='word_1_39' title='bbox 557 2289 600 2348; x_wconf 89' lang='lat' dir='ltr'>lta</span> <span class='ocrx_word' id='word_1_40' title='bbox 620 2290 660 2349; x_wconf 89' lang='lat' dir='ltr'>de</span> <span class='ocrx_word' id='word_1_41' title='bbox 680 2291 760 2350; x_wconf 82' lang='lat' dir='ltr'>Auta</span> <span class='ocrx_word' id='word_1_42' title='bbox 775 2309 843 2350; x_wconf 84' lang='lat' dir='ltr'>mea</span> <span class='ocrx_word' id='word_1_43' title='bbox 861 2291 1042 2353; x_wconf 89' lang='lat' dir='ltr'>sententiam</span> <span class='ocrx_word' id='word_1_44' title='bbox 1063 2292 1160 2354; x_wconf 85' lang='lat' dir='ltr'>tulisti</span> 
     </span>
     <span class='ocr_line' id='line_1_9' title="bbox 147 2387 1161 2473; baseline 0.001 -20"><span class='ocrx_word' id='word_1_45' title='bbox 147 2390 302 2473; x_wconf 83' lang='lat' dir='ltr'>ingenue,</span> <span class='ocrx_word' id='word_1_46' title='bbox 323 2401 353 2451; x_wconf 88' lang='lat' dir='ltr'>et</span> <span class='ocrx_word' id='word_1_47' title='bbox 372 2387 446 2451; x_wconf 83' lang='lat' dir='ltr'>nihil</span> <span class='ocrx_word' id='word_1_48' title='bbox 467 2388 702 2466; x_wconf 76' lang='lat' dir='ltr'>dissimulanter.</span> <span class='ocrx_word' id='word_1_49' title='bbox 742 2389 804 2449; x_wconf 89' lang='lat' dir='ltr'>Sed</span> <span class='ocrx_word' id='word_1_50' title='bbox 823 2403 856 2450; x_wconf 89' lang='lat' dir='ltr'>tn</span> <span class='ocrx_word' id='word_1_51' title='bbox 872 2410 947 2470; x_wconf 81' lang='lat' dir='ltr'>age,</span> <span class='ocrx_word' id='word_1_52' title='bbox 969 2389 1024 2472; x_wconf 84' lang='lat' dir='ltr'>qui</span> <span class='ocrx_word' id='word_1_53' title='bbox 1045 2390 1078 2450; x_wconf 89' lang='lat' dir='ltr'>in</span> <span class='ocrx_word' id='word_1_54' title='bbox 1096 2393 1161 2454; x_wconf 86' lang='lat' dir='ltr'>hoc</span> 
     </span>
     <span class='ocr_line' id='line_1_10' title="bbox 147 2489 1160 2571; baseline 0.003 -20"><span class='ocrx_word' id='word_1_55' title='bbox 147 2489 274 2571; x_wconf 79' lang='lat' dir='ltr'><strong>dialogo</strong></span> <span class='ocrx_word' id='word_1_56' title='bbox 294 2489 541 2558; x_wconf 76' lang='lat' dir='ltr'>immaturitatem</span> <span class='ocrx_word' id='word_1_57' title='bbox 568 2507 714 2563; x_wconf 83' lang='lat' dir='ltr'>nauseas,</span> <span class='ocrx_word' id='word_1_58' title='bbox 749 2500 783 2548; x_wconf 88' lang='lat' dir='ltr'>nt</span> <span class='ocrx_word' id='word_1_59' title='bbox 805 2510 898 2570; x_wconf 79' lang='lat' dir='ltr'>quem</span> <span class='ocrx_word' id='word_1_60' title='bbox 917 2510 996 2569; x_wconf 75' lang='lat' dir='ltr'>ego,</span> <span class='ocrx_word' id='word_1_61' title='bbox 1025 2490 1160 2554; x_wconf 84' lang='lat' dir='ltr'>vixdum</span> 
     </span>
     <span class='ocr_line' id='line_1_11' title="bbox 146 2587 1160 2669; baseline 0 -18"><span class='ocrx_word' id='word_1_62' title='bbox 146 2587 287 2651; x_wconf 78' lang='lat' dir='ltr'>aiimine</span> <span class='ocrx_word' id='word_1_63' title='bbox 307 2591 433 2651; x_wconf 79' lang='lat' dir='ltr'>salutata</span> <span class='ocrx_word' id='word_1_64' title='bbox 457 2591 510 2664; x_wconf 87' lang='lat' dir='ltr'>(ut</span> <span class='ocrx_word' id='word_1_65' title='bbox 526 2598 559 2646; x_wconf 90' lang='lat' dir='ltr'>tu</span> <span class='ocrx_word' id='word_1_66' title='bbox 579 2587 675 2661; x_wconf 89' lang='lat' dir='ltr'>dieis)</span> <span class='ocrx_word' id='word_1_67' title='bbox 708 2590 792 2662; x_wconf 80' lang='lat' dir='ltr'>auia,</span> <span class='ocrx_word' id='word_1_68' title='bbox 828 2589 867 2649; x_wconf 86' lang='lat' dir='ltr'>de</span> <span class='ocrx_word' id='word_1_69' title='bbox 889 2588 1007 2650; x_wconf 81' lang='lat' dir='ltr'>Aulicis</span> <span class='ocrx_word' id='word_1_70' title='bbox 1027 2610 1160 2669; x_wconf 87' lang='lat' dir='ltr'>compo-</span> 
     </span>
     <span class='ocr_line' id='line_1_12' title="bbox 146 2674 1230 2770; baseline 0.005 -22"><span class='ocrx_word' id='word_1_71' title='bbox 146 2688 279 2764; x_wconf 80' lang='lat' dir='ltr'>suerint,</span> <span class='ocrx_word' id='word_1_72' title='bbox 314 2708 370 2747; x_wconf 90' lang='lat' dir='ltr'>cur</span> <span class='ocrx_word' id='word_1_73' title='bbox 397 2708 464 2746; x_wconf 92' lang='lat' dir='ltr'>non</span> <span class='ocrx_word' id='word_1_74' title='bbox 492 2686 595 2748; x_wconf 84' lang='lat' dir='ltr'>itidem</span> <span class='ocrx_word' id='word_1_75' title='bbox 624 2674 766 2747; x_wconf 42' lang='lat' dir='ltr'>sinis’ob</span> <span class='ocrx_word' id='word_1_76' title='bbox 792 2687 824 2749; x_wconf 92' lang='lat' dir='ltr'>id</span> <span class='ocrx_word' id='word_1_77' title='bbox 844 2709 893 2750; x_wconf 82' lang='lat' dir='ltr'>nie</span> <span class='ocrx_word' id='word_1_78' title='bbox 913 2688 945 2749; x_wconf 93' lang='lat' dir='ltr'>in</span> <span class='ocrx_word' id='word_1_79' title='bbox 964 2691 1032 2751; x_wconf 86' lang='lat' dir='ltr'>aula</span> <span class='ocrx_word' id='word_1_80' title='bbox 1057 2702 1157 2752; x_wconf 83' lang='lat' dir='ltr'>matu·</span> <span class='ocrx_word' id='word_1_81' title='bbox 1227 2766 1230 2770; x_wconf 14' lang='grc' dir='ltr'>ι</span> 
     </span>
     <span class='ocr_line' id='line_1_13' title="bbox 146 2786 1157 2868; baseline 0.001 -19"><span class='ocrx_word' id='word_1_82' title='bbox 146 2806 287 2859; x_wconf 88' lang='lat' dir='ltr'>rescere,</span> <span class='ocrx_word' id='word_1_83' title='bbox 319 2786 376 2847; x_wconf 87' lang='lat' dir='ltr'>sed</span> <span class='ocrx_word' id='word_1_84' title='bbox 408 2786 446 2846; x_wconf 88' lang='lat' dir='ltr'>ab</span> <span class='ocrx_word' id='word_1_85' title='bbox 473 2786 543 2867; x_wconf 85' lang='lat' dir='ltr'>ipso</span> <span class='ocrx_word' id='word_1_86' title='bbox 573 2786 615 2846; x_wconf 86' lang='lat' dir='ltr'>ita</span> <span class='ocrx_word' id='word_1_87' title='bbox 641 2786 784 2864; x_wconf 84' lang='lat' dir='ltr'>ingressu</span> <span class='ocrx_word' id='word_1_88' title='bbox 812 2799 1023 2850; x_wconf 83' lang='lat' dir='ltr'>transversum</span> <span class='ocrx_word' id='word_1_89' title='bbox 1047 2787 1157 2868; x_wconf 82' lang='lat' dir='ltr'>rapis?</span> 
     </span>
     <span class='ocr_line' id='line_1_14' title="bbox 145 2884 1157 2969; baseline 0.003 -23"><span class='ocrx_word' id='word_1_90' title='bbox 145 2888 210 2951; x_wconf 84' lang='lat' dir='ltr'>Aut</span> <span class='ocrx_word' id='word_1_91' title='bbox 237 2884 335 2950; x_wconf 83' lang='lat' dir='ltr'>simile</span> <span class='ocrx_word' id='word_1_92' title='bbox 365 2884 421 2947; x_wconf 92' lang='lat' dir='ltr'>tibi</span> <span class='ocrx_word' id='word_1_93' title='bbox 460 2885 607 2967; x_wconf 83' lang='lat' dir='ltr'>quiddam</span> <span class='ocrx_word' id='word_1_94' title='bbox 636 2885 761 2947; x_wconf 85' lang='lat' dir='ltr'>videtur</span> <span class='ocrx_word' id='word_1_95' title='bbox 789 2886 822 2952; x_wconf 87' lang='lat' dir='ltr'>in</span> <span class='ocrx_word' id='word_1_96' title='bbox 851 2908 921 2960; x_wconf 89' lang='lat' dir='ltr'>me,</span> <span class='ocrx_word' id='word_1_97' title='bbox 960 2888 1048 2969; x_wconf 82' lang='lat' dir='ltr'>quod</span> <span class='ocrx_word' id='word_1_98' title='bbox 1080 2889 1157 2954; x_wconf 88' lang='lat' dir='ltr'>olim</span> 
     </span>
     <span class='ocr_line' id='line_1_15' title="bbox 113 2983 1156 3066; baseline -0.005 -17"><span class='ocrx_word' id='word_1_99' title='bbox 113 2986 117 2993; x_wconf 75' lang='grc'><em>’</em></span> <span class='ocrx_word' id='word_1_100' title='bbox 145 2987 280 3061; x_wconf 84' lang='lat' dir='ltr'>Socrati,</span> <span class='ocrx_word' id='word_1_101' title='bbox 314 2983 369 3066; x_wconf 86' lang='lat' dir='ltr'>qui</span> <span class='ocrx_word' id='word_1_102' title='bbox 396 2986 605 3060; x_wconf 79' lang='lat' dir='ltr'>Glauconem‚</span> <span class='ocrx_word' id='word_1_103' title='bbox 636 2984 773 3046; x_wconf 79' lang='lat' dir='ltr'>Platonis</span> <span class='ocrx_word' id='word_1_104' title='bbox 792 2996 869 3064; x_wconf 91' lang='lat' dir='ltr'>puto</span> <span class='ocrx_word' id='word_1_105' title='bbox 890 2986 1049 3062; x_wconf 82' lang='lat' dir='ltr'>Fratrem,</span> <span class='ocrx_word' id='word_1_106' title='bbox 1079 3007 1156 3049; x_wconf 75' lang='lat' dir='ltr'>eon.</span> 
     </span>
     <span class='ocr_line' id='line_1_16' title="bbox 145 3084 1155 3168; baseline 0.004 -22"><span class='ocrx_word' id='word_1_107' title='bbox 145 3085 297 3165; x_wconf 81' lang='lat' dir='ltr'>spiratus,</span> <span class='ocrx_word' id='word_1_108' title='bbox 329 3085 504 3158; x_wconf 88' lang='lat' dir='ltr'>rudiorem,</span> <span class='ocrx_word' id='word_1_109' title='bbox 539 3105 631 3166; x_wconf 85' lang='lat' dir='ltr'>quarn</span> <span class='ocrx_word' id='word_1_110' title='bbox 653 3095 689 3145; x_wconf 91' lang='lat' dir='ltr'>ut</span> <span class='ocrx_word' id='word_1_111' title='bbox 707 3084 861 3144; x_wconf 85' lang='lat' dir='ltr'>obeundis</span> <span class='ocrx_word' id='word_1_112' title='bbox 888 3084 1023 3166; x_wconf 85' lang='lat' dir='ltr'>negotiis</span> <span class='ocrx_word' id='word_1_113' title='bbox 1048 3099 1155 3168; x_wconf 87' lang='lat' dir='ltr'>aptum</span> 
     </span>
     <span class='ocr_line' id='line_1_17' title="bbox 144 3184 1157 3264; baseline 0.003 -18"><span class='ocrx_word' id='word_1_114' title='bbox 144 3195 299 3257; x_wconf 85' lang='lat' dir='ltr'>censeret,</span> <span class='ocrx_word' id='word_1_115' title='bbox 336 3185 374 3244; x_wconf 90' lang='lat' dir='ltr'>ad</span> <span class='ocrx_word' id='word_1_116' title='bbox 395 3184 629 3263; x_wconf 87' lang='lat' dir='ltr'>Rempublicam</span> <span class='ocrx_word' id='word_1_117' title='bbox 648 3184 863 3259; x_wconf 85' lang='lat' dir='ltr'>accedentem,</span> <span class='ocrx_word' id='word_1_118' title='bbox 895 3184 1060 3264; x_wconf 87' lang='lat' dir='ltr'>proposito</span> <span class='ocrx_word' id='word_1_119' title='bbox 1080 3186 1157 3249; x_wconf 85' lang='lat' dir='ltr'>inde</span> 
     </span>
     <span class='ocr_line' id='line_1_18' title="bbox 142 3281 1153 3362; baseline 0.006 -17"><span class='ocrx_word' id='word_1_120' title='bbox 142 3286 290 3357; x_wconf 86' lang='lat' dir='ltr'>retraxit,</span> <span class='ocrx_word' id='word_1_121' title='bbox 312 3281 508 3345; x_wconf 82' lang='lat' dir='ltr'>Charmidem</span> <span class='ocrx_word' id='word_1_122' title='bbox 519 3303 597 3345; x_wconf 82' lang='lat' dir='ltr'>vero</span> <span class='ocrx_word' id='word_1_123' title='bbox 613 3284 651 3350; x_wconf 87' lang='lat' dir='ltr'>ad</span> <span class='ocrx_word' id='word_1_124' title='bbox 670 3285 891 3362; x_wconf 80' lang='lat' dir='ltr'>capessendam</span> <span class='ocrx_word' id='word_1_125' title='bbox 910 3286 992 3347; x_wconf 77' lang='lat' dir='ltr'>adtro</span> <span class='ocrx_word' id='word_1_126' title='bbox 1012 3287 1153 3351; x_wconf 83' lang='lat' dir='ltr'>hortatus</span> 
     </span>
     <span class='ocr_line' id='line_1_19' title="bbox 142 3355 1154 3470; baseline 0.008 -28"><span class='ocrx_word' id='word_1_127' title='bbox 142 3393 208 3457; x_wconf 87' lang='lat' dir='ltr'>est,</span> <span class='ocrx_word' id='word_1_128' title='bbox 228 3382 377 3446; x_wconf 89' lang='lat' dir='ltr'>idoneum</span> <span class='ocrx_word' id='word_1_129' title='bbox 397 3382 600 3444; x_wconf 83' lang='lat' dir='ltr'>existimans?</span> <span class='ocrx_word' id='word_1_130' title='bbox 623 3355 700 3449; x_wconf 69' lang='lat' dir='ltr'>&#39;iate</span> <span class='ocrx_word' id='word_1_131' title='bbox 720 3384 775 3444; x_wconf 87' lang='lat' dir='ltr'>tibi</span> <span class='ocrx_word' id='word_1_132' title='bbox 794 3384 827 3444; x_wconf 92' lang='lat' dir='ltr'>in</span> <span class='ocrx_word' id='word_1_133' title='bbox 846 3406 896 3447; x_wconf 89' lang='lat' dir='ltr'>me</span> <span class='ocrx_word' id='word_1_134' title='bbox 915 3385 1032 3470; x_wconf 85' lang='lat' dir='ltr'>aliquid</span> <span class='ocrx_word' id='word_1_135' title='bbox 1050 3387 1154 3451; x_wconf 86' lang='lat' dir='ltr'>visum</span> 
     </span>
     <span class='ocr_line' id='line_1_20' title="bbox 141 3481 1153 3564; baseline 0.005 -19"><span class='ocrx_word' id='word_1_136' title='bbox 141 3495 207 3556; x_wconf 88' lang='lat' dir='ltr'>est,</span> <span class='ocrx_word' id='word_1_137' title='bbox 235 3494 266 3544; x_wconf 91' lang='lat' dir='ltr'>et</span> <span class='ocrx_word' id='word_1_138' title='bbox 290 3482 448 3543; x_wconf 87' lang='lat' dir='ltr'>Socratem</span> <span class='ocrx_word' id='word_1_139' title='bbox 467 3481 620 3545; x_wconf 79' lang='lat' dir='ltr'>imitaris?</span> <span class='ocrx_word' id='word_1_140' title='bbox 648 3482 699 3543; x_wconf 86' lang='lat' dir='ltr'>Sic</span> <span class='ocrx_word' id='word_1_141' title='bbox 726 3495 782 3544; x_wconf 88' lang='lat' dir='ltr'>est.</span> <span class='ocrx_word' id='word_1_142' title='bbox 821 3483 965 3564; x_wconf 88' lang='lat' dir='ltr'>Ineptum</span> <span class='ocrx_word' id='word_1_143' title='bbox 984 3504 1092 3549; x_wconf 74' lang='lat' dir='ltr'>censes</span> <span class='ocrx_word' id='word_1_144' title='bbox 1111 3488 1153 3550; x_wconf 84' lang='lat' dir='ltr'>ad</span> 
     </span>
     <span class='ocr_line' id='line_1_21' title="bbox 139 3579 1155 3668; baseline 0.004 -24"><span class='ocrx_word' id='word_1_145' title='bbox 139 3582 255 3658; x_wconf 88' lang='lat' dir='ltr'>aulica,</span> <span class='ocrx_word' id='word_1_146' title='bbox 275 3592 306 3642; x_wconf 89' lang='lat' dir='ltr'>et</span> <span class='ocrx_word' id='word_1_147' title='bbox 325 3579 413 3642; x_wconf 84' lang='lat' dir='ltr'>amici</span> <span class='ocrx_word' id='word_1_148' title='bbox 428 3581 532 3643; x_wconf 89' lang='lat' dir='ltr'>studio</span> <span class='ocrx_word' id='word_1_149' title='bbox 551 3581 725 3662; x_wconf 78' lang='lat' dir='ltr'>prevenire</span> <span class='ocrx_word' id='word_1_150' title='bbox 745 3582 793 3643; x_wconf 83' lang='lat' dir='ltr'>vie</span> <span class='ocrx_word' id='word_1_151' title='bbox 812 3587 925 3658; x_wconf 82' lang='lat' dir='ltr'>multa,</span> <span class='ocrx_word' id='word_1_152' title='bbox 946 3606 1015 3668; x_wconf 84' lang='lat' dir='ltr'>quae</span> <span class='ocrx_word' id='word_1_153' title='bbox 1033 3606 1083 3648; x_wconf 87' lang='lat' dir='ltr'>me</span> <span class='ocrx_word' id='word_1_154' title='bbox 1100 3585 1155 3648; x_wconf 88' lang='lat' dir='ltr'>hie</span> 
     </span>
     <span class='ocr_line' id='line_1_22' title="bbox 136 3681 1152 3767; baseline 0.003 -23"><span class='ocrx_word' id='word_1_155' title='bbox 136 3695 261 3767; x_wconf 86' lang='lat' dir='ltr'>manent</span> <span class='ocrx_word' id='word_1_156' title='bbox 286 3682 504 3751; x_wconf 86' lang='lat' dir='ltr'>incommoda:</span> <span class='ocrx_word' id='word_1_157' title='bbox 535 3692 566 3743; x_wconf 90' lang='lat' dir='ltr'>et</span> <span class='ocrx_word' id='word_1_158' title='bbox 596 3693 682 3743; x_wconf 90' lang='lat' dir='ltr'>recte</span> <span class='ocrx_word' id='word_1_159' title='bbox 712 3681 843 3745; x_wconf 81' lang='lat' dir='ltr'>forsitan</span> <span class='ocrx_word' id='word_1_160' title='bbox 866 3704 991 3751; x_wconf 74' lang='lat' dir='ltr'>mones.</span> <span class='ocrx_word' id='word_1_161' title='bbox 1043 3687 1152 3767; x_wconf 76' lang='lat' dir='ltr'>Quare</span> 
     </span>
    </p>
   </div>
   <div class='ocr_carea' id='block_1_6' title="bbox 27 3781 1154 3866">
    <p class='ocr_par' dir='ltr' id='par_1_6' title="bbox 27 3781 1154 3866">
     <span class='ocr_line' id='line_1_23' title="bbox 27 3781 1154 3866; baseline 0.007 -23"><span class='ocrx_word' id='word_1_162' title='bbox 27 3831 29 3833; x_wconf 86' lang='lat'>-</span> <span class='ocrx_word' id='word_1_163' title='bbox 134 3781 192 3844; x_wconf 77' lang='lat' dir='ltr'>tibi</span> <span class='ocrx_word' id='word_1_164' title='bbox 219 3783 348 3866; x_wconf 65' lang='lat' dir='ltr'>gratiam</span> <span class='ocrx_word' id='word_1_165' title='bbox 372 3786 492 3861; x_wconf 79' lang='lat' dir='ltr'>haheo,</span> <span class='ocrx_word' id='word_1_166' title='bbox 527 3781 589 3863; x_wconf 74' lang='lat' dir='ltr'>ripdai</span> <span class='ocrx_word' id='word_1_167' title='bbox 618 3812 662 3855; x_wconf 81' lang='grc' dir='ltr'>μοι</span> <span class='ocrx_word' id='word_1_168' title='bbox 689 3791 743 3864; x_wconf 67' lang='grc' dir='ltr'>γάρ</span> <span class='ocrx_word' id='word_1_169' title='bbox 770 3787 786 3854; x_wconf 65' lang='grc' dir='ltr'><strong><em>ἦ</em></strong></span> <span class='ocrx_word' id='word_1_170' title='bbox 810 3788 938 3860; x_wconf 73' lang='grc' dir='ltr'>συμβολῆ</span> <span class='ocrx_word' id='word_1_171' title='bbox 966 3782 1046 3849; x_wconf 68' lang='grc' dir='ltr'><strong><em>δοκεῖ</em></strong></span> <span class='ocrx_word' id='word_1_172' title='bbox 1064 3781 1154 3862; x_wconf 66' lang='lat' dir='ltr'>darae,</span> 
     </span>
    </p>
   </div>
   <div class='ocr_carea' id='block_1_7' title="bbox 135 3882 1152 4071">
    <p class='ocr_par' dir='ltr' id='par_1_7' title="bbox 135 3882 1152 4071">
     <span class='ocr_line' id='line_1_24' title="bbox 135 3882 1152 3968; baseline 0.01 -26"><span class='ocrx_word' id='word_1_173' title='bbox 135 3882 290 3960; x_wconf 82' lang='lat' dir='ltr'>Experiar</span> <span class='ocrx_word' id='word_1_174' title='bbox 310 3885 357 3958; x_wconf 65' lang='lat' dir='ltr'>oe)</span> <span class='ocrx_word' id='word_1_175' title='bbox 386 3895 488 3946; x_wconf 87' lang='lat' dir='ltr'>tamen</span> <span class='ocrx_word' id='word_1_176' title='bbox 515 3906 601 3965; x_wconf 88' lang='lat' dir='ltr'>eam,</span> <span class='ocrx_word' id='word_1_177' title='bbox 636 3908 729 3967; x_wconf 80' lang='lat' dir='ltr'>quant</span> <span class='ocrx_word' id='word_1_178' title='bbox 755 3886 821 3950; x_wconf 78' lang='lat' dir='ltr'>aliis</span> <span class='ocrx_word' id='word_1_179' title='bbox 844 3886 944 3968; x_wconf 83' lang='lat' dir='ltr'>ipsam</span> <span class='ocrx_word' id='word_1_180' title='bbox 969 3884 1152 3966; x_wconf 76' lang='lat' dir='ltr'>fugiendam</span> 
     </span>
     <span class='ocr_line' id='line_1_25' title="bbox 136 3981 1150 4071; baseline 0.01 -27"><span class='ocrx_word' id='word_1_181' title='bbox 136 3981 258 4055; x_wconf 82' lang='lat' dir='ltr'>scribo,</span> <span class='ocrx_word' id='word_1_182' title='bbox 285 3983 395 4044; x_wconf 85' lang='lat' dir='ltr'>aulam.</span> <span class='ocrx_word' id='word_1_183' title='bbox 433 3985 518 4063; x_wconf 84' lang='lat' dir='ltr'>Quid</span> <span class='ocrx_word' id='word_1_184' title='bbox 545 3985 656 4056; x_wconf 78' lang='lat' dir='ltr'>faciam</span> <span class='ocrx_word' id='word_1_185' title='bbox 675 3987 758 4052; x_wconf 81' lang='lat' dir='ltr'>aliud</span> <span class='ocrx_word' id='word_1_186' title='bbox 777 3985 880 4063; x_wconf 86' lang='lat' dir='ltr'>enirn,</span> <span class='ocrx_word' id='word_1_187' title='bbox 915 4008 1012 4071; x_wconf 84' lang='lat' dir='ltr'>quum</span> <span class='ocrx_word' id='word_1_188' title='bbox 1031 3986 1150 4053; x_wconf 78' lang='lat' dir='ltr'>tacien-</span> 
     </span>
    </p>
   </div>
   <div class='ocr_carea' id='block_1_8' title="bbox 136 4121 301 4135">
    <p class='ocr_par' dir='ltr' id='par_1_8' title="bbox 136 4121 301 4135">
     <span class='ocr_line' id='line_1_26' title="bbox 136 4121 301 4135; baseline 0.018 -4"><span class='ocrx_word' id='word_1_189' title='bbox 136 4121 301 4135; x_wconf 43' lang='grc' dir='ltr'>*ψ-</span> 
     </span>
    </p>
   </div>
   <div class='ocr_carea' id='block_1_9' title="bbox 164 4189 1152 4434">
    <p class='ocr_par' dir='ltr' id='par_1_9' title="bbox 164 4189 1152 4434">
     <span class='ocr_line' id='line_1_27' title="bbox 170 4189 1152 4266; baseline 0.012 -22"><span class='ocrx_word' id='word_1_190' title='bbox 170 4189 199 4256; x_wconf 71' lang='lat'>⁸)</span> <span class='ocrx_word' id='word_1_191' title='bbox 216 4203 268 4245; x_wconf 79' lang='lat' dir='ltr'>Aut</span> <span class='ocrx_word' id='word_1_192' title='bbox 282 4203 334 4248; x_wconf 86' lang='lat' dir='ltr'>dem</span> <span class='ocrx_word' id='word_1_193' title='bbox 354 4203 416 4249; x_wconf 84' lang='lat' dir='ltr'>Titel</span> <span class='ocrx_word' id='word_1_194' title='bbox 443 4203 494 4248; x_wconf 76' lang='lat' dir='ltr'>sind</span> <span class='ocrx_word' id='word_1_195' title='bbox 520 4205 557 4251; x_wconf 82' lang='lat' dir='ltr'>die</span> <span class='ocrx_word' id='word_1_196' title='bbox 574 4205 677 4255; x_wconf 81' lang='lat' dir='ltr'>Worto:</span> <span class='ocrx_word' id='word_1_197' title='bbox 707 4205 808 4265; x_wconf 71' lang='lat' dir='ltr'>Araura</span> <span class='ocrx_word' id='word_1_198' title='bbox 824 4206 889 4253; x_wconf 77' lang='lat' dir='ltr'>tuest</span> <span class='ocrx_word' id='word_1_199' title='bbox 907 4210 967 4254; x_wconf 67' lang='lat' dir='ltr'>noos</span> <span class='ocrx_word' id='word_1_200' title='bbox 983 4210 1077 4266; x_wconf 81' lang='lat' dir='ltr'>tector,</span> <span class='ocrx_word' id='word_1_201' title='bbox 1104 4210 1152 4260; x_wconf 62' lang='grc' dir='ltr'>ἐκ.</span> 
     </span>
     <span class='ocr_line' id='line_1_28' title="bbox 166 4285 1150 4350; baseline 0.016 -24"><span class='ocrx_word' id='word_1_202' title='bbox 166 4285 242 4328; x_wconf 80' lang='lat' dir='ltr'>eunde</span> <span class='ocrx_word' id='word_1_203' title='bbox 264 4288 363 4341; x_wconf 73' lang='lat' dir='ltr'>atiqutd.</span> <span class='ocrx_word' id='word_1_204' title='bbox 415 4289 479 4344; x_wconf 73' lang='lat' dir='ltr'>Leuc</span> <span class='ocrx_word' id='word_1_205' title='bbox 505 4302 535 4333; x_wconf 81' lang='lat' dir='ltr'>oc</span> <span class='ocrx_word' id='word_1_206' title='bbox 564 4291 645 4334; x_wconf 79' lang='lat' dir='ltr'>Valet</span> <span class='ocrx_word' id='word_1_207' title='bbox 675 4293 731 4334; x_wconf 79' lang='lat' dir='ltr'>cum</span> <span class='ocrx_word' id='word_1_208' title='bbox 757 4291 896 4347; x_wconf 69' lang='lat' dir='ltr'>Prtottrute</span> <span class='ocrx_word' id='word_1_209' title='bbox 926 4293 1055 4346; x_wconf 71' lang='lat' dir='ltr'>Imperial!</span> <span class='ocrx_word' id='word_1_210' title='bbox 1059 4320 1070 4350; x_wconf 84' lang='lat'>,</span> <span class='ocrx_word' id='word_1_211' title='bbox 1098 4304 1150 4342; x_wconf 69' lang='lat' dir='ltr'>ro!</span> 
     </span>
     <span class='ocr_line' id='line_1_29' title="bbox 164 4362 866 4434; baseline 0.017 -24"><span class='ocrx_word' id='word_1_212' title='bbox 164 4366 253 4414; x_wconf 77' lang='lat' dir='ltr'>auam</span> <span class='ocrx_word' id='word_1_213' title='bbox 271 4369 488 4428; x_wconf 72' lang='lat' dir='ltr'>darehceatrichea.</span> <span class='ocrx_word' id='word_1_214' title='bbox 523 4362 571 4433; x_wconf 70' lang='lat'>⁴⁴)</span> <span class='ocrx_word' id='word_1_215' title='bbox 588 4375 729 4434; x_wconf 70' lang='grc' dir='ltr'>Εκμεήαν,</span> <span class='ocrx_word' id='word_1_216' title='bbox 748 4373 866 4433; x_wconf 76' lang='lat' dir='ltr'>experior.</span> 
     </span>
    </p>
   </div>
   <div class='ocr_carea' id='block_1_10' title="bbox 0 0 1320 5086">
    <p class='ocr_par' dir='ltr' id='par_1_10' title="bbox 0 0 1320 5086">
     <span class='ocr_line' id='line_1_30' title="bbox 0 0 1320 5086; baseline 0 4"><span class='ocrx_word' id='word_1_217' title='bbox 0 0 1320 5086; x_wconf 95' lang='lat' dir='ltr'> </span> 
     </span>
    </p>
   </div>
  </div>
 </body>
</html>
