2632 5086
320 703 448 779 Febris
473 703 643 781 Secunda
664 703 853 804 Dialogua
1030 712 1103 787 stt

485 898 519 962 Η
533 920 554 960 u
570 908 678 961 tion.

151 994 281 1059 Pestis?
299 1016 372 1060 curn
388 999 443 1061 har
462 997 590 1080 cupiant
606 997 649 1061 illi
666 1018 733 1061 non
754 995 861 1062 studio
881 1006 1019 1071 tentum,
1048 998 1107 1061 sed

78 1100 281 1159 contentione
300 1098 409 1174 ctiam,
431 1120 557 1183 proque
578 1098 624 1162 eis
642 1084 829 1182 belligerent
844 1098 981 1161 invicem
993 1098 1104 1181 magis,

78 1218 173 1280 quam
192 1219 251 1278 pro
275 1198 332 1261 iltis
356 1220 445 1281 pene
471 1200 657 1264 sacerdotiis
678 1201 799 1264 Roma.

514 1300 683 1366 Febris.

153 1401 262 1482 Atque
289 1399 333 1462 ob
361 1401 394 1464 id
422 1401 523 1483 majus
554 1413 604 1464 est
633 1399 696 1464 hoc
727 1403 842 1464 malum
870 1403 982 1477 etim,
1012 1401 1108 1483 qnod

78 1499 292 1562 voluntarium
311 1511 369 1585 est.

506 1617 683 1683 Hutten.

157 1717 334 1802 Quisquam
351 1719 467 1786 habere
482 1721 597 1782 malurn
616 1727 722 1800 potest
738 1738 795 1782 sua
810 1715 906 1800 igitur
922 1717 1108 1781 voluntate?

471 1804 479 1813 '⁵
508 1816 678 1882 Febris.

158 1917 275 1980 Nescio
295 1939 335 1981 an
354 1917 423 1996 alii,
445 1930 532 1984 certe
551 1917 731 1983 sacerdotes
747 1927 892 2002 possunt.

509 2022 541 2107 H
552 2043 573 2082 u
583 2029 680 2081 tten.

158 2121 255 2202 Quod
275 2121 462 2186 concubinis
481 2123 626 2183 sordeant
653 2130 808 2195 amanter,
835 2129 868 2182 et
885 2120 1009 2201 perffite
1029 2142 1110 2186 non·

83 2239 244 2303 nunquam
263 2223 351 2299 scio,
371 2224 590 2307 quodmaluru
608 2220 727 2284 sithoc
746 2219 804 2282 ittis
823 2241 903 2282 vcro
924 2242 989 2284 non
1003 2225 1111 2301 video,

83 2339 189 2404 neque
213 2323 300 2393 enim
317 2323 476 2408 intelligo,
505 2325 619 2393 malton
638 2319 666 2383 ri
684 2331 781 2396 erret,
801 2320 858 2404 qui
877 2321 960 2383 ultro
981 2323 1020 2384 ad
1039 2341 1111 2386 sese

86 2437 291 2488 accerserent.

521 2522 684 2587 Febris.

162 2628 237 2708 Ego
256 2624 369 2702 video,
389 2625 620 2689 consuetudine
640 2635 676 2686 ut
694 2623 863 2705 intelligant
878 2621 1002 2687 edocta.
1036 2621 1112 2689 Pri·

87 2747 174 2791 mum
193 2725 352 2796 ardentius
368 2738 470 2791 ornant
486 2728 542 2788 har
560 2724 659 2803 enim,
691 2745 786 2810 quam
803 2745 923 2789 uxorea
944 2722 1017 2791 viri.

509 2844 684 2907 Hutteu.

163 2959 249 3024 Scio.

533 3075 685 3141 Febris.

160 3176 205 3240 At
224 3175 310 3257 ipsos
334 3177 392 3240 iiic
412 3188 466 3241 ant
478 3176 571 3255 nihii,
592 3190 646 3248 aut
658 3178 827 3245 admodum
839 3172 972 3263 frigide,
993 3186 1029 3241 ut
1042 3198 1113 3262 qua

85 3278 200 3339 multos
226 3281 317 3340 simul
346 3291 464 3355 amant,
500 3279 578 3342 alios
604 3280 679 3364 quia
704 3277 843 3360 jucunde
866 3289 1111 3355 conversantur,

86 3376 163 3437 alios
191 3379 266 3462 quia
292 3377 418 3441 divitias
449 3380 583 3457 habent,
613 3382 783 3457 nonnullos
810 3388 960 3465 quoniam
982 3395 1112 3450 anenno

90 3497 152 3539 vrrr
172 3491 257 3543 runt.

502 3630 509 3645 x
524 3594 691 3663 Hutteu.

166 3698 262 3782 Siqua
281 3697 457 3783 reperiatur
476 3713 601 3777 autem,
622 3720 691 3783 qun
709 3695 744 3763 in
757 3696 872 3762 mittor
892 3710 1031 3769 amorem
1048 3712 1115 3759 non

90 3799 273 3881 dispertiat,
303 3801 462 3866 redamet
488 3821 587 3864 unum
612 3809 785 3883 perpetuo,
812 3794 907 3861 etiem
924 3794 1047 3860 critob
1065 3797 1116 3861 itt·

89 3901 230 3965 malum?

521 4011 632 4080 Febr
641 4013 688 4080 ia.

164 4119 264 4204 Siqua
282 4117 476 4203 reperiatur,
494 4118 623 4188 minime
641 4135 714 4179 nam
729 4114 792 4180 hoc
805 4111 840 4179 in
854 4133 974 4200 genere
988 4114 1115 4198 pboenx

92 4229 139 4283 art
154 4220 353 4302 hujusmodi,
373 4221 434 4286 nisi
449 4240 519 4305 quar
531 4219 628 4286 remei
644 4217 935 4301 puriorem-amitit,
954 4238 1023 4281 rem
1037 4216 1117 4281 irre-

94 4324 317 4402 cuperabilem,
334 4323 440 4407 magni
451 4322 546 4387 faeiat
556 4340 697 4406 nuquam
706 4318 993 4400 impurium
1004 4336 1088 4381 ma.
