2632 5086
708 1216 799 1361 a)¹

229 1461 467 1538 luvictissimo
491 1455 650 1556 Principi
675 1402 1116 1548 F1·idericha,sai0num
1138 1456 1256 1547 Daci,

201 1722 237 1769 w
275 1627 459 1720 Electori,
484 1624 649 1697 Ulrichus
674 1625 721 1697 de
746 1625 887 1697 Hutten
910 1623 979 1717 Eq.
1006 1623 1133 1695 Germ.
1158 1623 1194 1697 S.

227 1971 304 2068 Jam
323 2005 449 2067 tandem
467 2005 582 2079 video,
611 2000 766 2080 Princeps
785 2001 984 2066 Friaeriche!
1014 2003 1257 2066 obseviendum

228 2123 298 2168 este
319 2107 469 2168 Ronlanae
489 2101 655 2184 tyrannidi.
673 2108 680 2117 '
701 2105 771 2164 Jam
791 2103 934 2177 taudem,
966 2114 1136 2186 postquam
1154 2104 1255 2166 toties

227 2205 366 2266 fraterne
381 2203 510 2274 moniti,
530 2203 625 2265 toties
644 2201 820 2263 rationibus
840 2204 994 2278 convicti,
1014 2205 1127 2266 iratres
1147 2206 1255 2267 nostri

227 2304 434 2378 Romanistae,
465 2323 531 2363 non
551 2312 671 2363 tantum
690 2322 756 2361 non
776 2301 880 2364 mitius
901 2314 997 2385 agunt
1014 2324 1067 2377 ea,
1098 2324 1168 2385 quse
1187 2326 1251 2366 nos

230 2415 374 2488 gravant,
406 2401 463 2466 sed
492 2401 632 2464 ferocius
664 2401 764 2463 adbuc
791 2401 896 2463 omnia
915 2403 1118 2482 experiuntur
1137 2396 1248 2464 etia'm.

231 2508 282 2569 An
301 2526 366 2566 non
385 2501 515 2577 audisti,
546 2502 684 2566 vinctum
703 2503 838 2565 Romam
857 2501 922 2581 peti
946 2501 1015 2563 me?
1046 2513 1077 2564 et
1095 2502 1130 2563 id
1149 2505 1249 2585 quale

230 2606 290 2680 sit,
312 2625 471 2689 quamque
491 2603 528 2664 iis
548 2586 680 2686 dignum
699 2602 811 2664 vides?
840 2604 934 2664 Nunc
955 2600 1107 2665 eidemin
1126 2604 1253 2665 Lullia·

229 2726 317 2779 rum,
345 2707 489 2786 qualem,
514 2703 603 2787 bone
621 2705 727 2779 Deru,
760 2724 853 2787 quam
873 2705 1061 2778 violentam,
1089 2725 1253 2788 quamque

230 2803 389 2865 crudelem
409 2813 633 2865 contorserunt
652 2804 782 2867 bullam!
802 2804 897 2881 Dicas
910 2807 1020 2885 plane,
1040 2803 1162 2867 Leonis
1179 2825 1252 2866 esse

229 2904 313 2966 bunc
337 2900 493 2985 rugitum:
535 2924 630 2986 quem
662 2904 824 2967 audientes
853 2904 973 2966 miserae
1004 2904 1121 2968 Christi
1152 2925 1253 2981 oves,

230 3022 297 3065 non
318 3012 349 3065 ut
368 3003 451 3084 'piam
469 3003 604 3083 pastoris
624 3025 736 3066 vocem
762 3016 948 3086 agnoscant,
981 3007 1039 3067 sed
1064 3023 1100 3067 ut
1115 3005 1253 3068 'insidia-

229 3103 307 3166 toris
332 3102 394 3167 seri
421 3104 652 3187 sanguinariam
678 3105 928 3167 contremiscant.
964 3108 1023 3167 Est
1050 3106 1182 3188 aliquod
1207 3106 1254 3169 ibi

229 3204 314 3268 enim
341 3202 525 3267 Christianae
552 3205 800 3267 mansuetudinis
825 3204 1015 3287 vestigium?
1054 3206 1185 3288 aliquod
1205 3223 1254 3270 est

229 3304 408 3384 apostolicae
427 3303 579 3367 indicium
596 3304 779 3367 modestiae?
805 3307 856 3367 Sic
874 3306 980 3369 fremit
999 3306 1069 3381 ille,
1091 3306 1137 3368 sic
1157 3307 1254 3370 furit!

230 3405 292 3466 Sed
312 3415 388 3467 tanc
407 3404 506 3486 magis
537 3405 687 3467 elucescit
715 3405 784 3486 ejus
804 3406 926 3482 feritas,
957 3408 1085 3490 quando
1112 3418 1148 3469 ut
1167 3429 1253 3488 saepe

230 3503 262 3566 in
282 3525 320 3565 ea
347 3504 446 3579 bulla,
477 3504 570 3566 alium
596 3525 630 3565 se
657 3507 762 3588 fingit,
799 3522 832 3568 et
860 3507 1112 3570 benevolentiam
1139 3509 1254 3572 callide

229 3603 361 3666 simulat.
399 3605 500 3684 Quale
519 3602 593 3667 illud
613 3618 675 3680 est,
700 3607 755 3668 ubi
773 3606 886 3669 blande
906 3610 1040 3671 Romam
1059 3607 1254 3670 invitatLu-

229 3704 362 3765 theram.
402 3702 500 3784 Quasi
524 3725 604 3766 vero
624 3707 825 3789 ignoremus,
846 3707 1109 3791 quemadmodum
1128 3708 1256 3772 habitu·

228 3823 283 3865 rus
303 3824 362 3866 nos
383 3802 439 3879 sit,
460 3804 527 3866 sive
546 3826 714 3887 persuasus
736 3808 786 3869 ille
805 3811 888 3870 ultro
909 3810 1032 3884 veniat,
1053 3809 1121 3871 sive
1141 3822 1256 3890 raptus

228 3922 291 3986 ego
311 3903 344 3964 vi
364 3924 472 3987 cogar.
510 3906 669 3968 Lutherus
688 3907 814 3992 itaque,
835 3909 862 3970 si
877 3931 928 3972 me
943 3910 1065 3985 audiet,
1085 3930 1255 3992 nunquam

228 4002 287 4066 ibit
306 4005 346 4066 ad
365 4016 487 4067 certum
515 4006 719 4088 supplicium:
750 4011 861 4074 deme
891 4022 995 4072 autem
1019 4010 1109 4071 valde
1130 4010 1253 4086 miror,

227 4103 299 4190 quis
318 4107 508 4186 persuaserit
536 4107 688 4184 Decimo,
723 4122 786 4172 tam
806 4110 896 4174 facile
916 4128 948 4172 et
971 4110 1044 4190 ‘capi
1071 4131 1189 4191 posse,
1222 4121 1257 4174 et

227 4217 349 4286 captum
367 4227 386 4266 e
406 4208 508 4269 media
530 4208 714 4286 Germania,
745 4232 803 4290 per
831 4213 962 4274 transitu
991 4211 1130 4286 difficiles
1151 4212 1257 4291 Alpes

226 4305 361 4368 Romam
380 4305 464 4368 duci.
503 4306 568 4366 Fac
586 4330 681 4390 posse
701 4323 821 4386 autem,
857 4323 904 4374 est
930 4314 990 4374 hoc
1017 4311 1153 4392 pastoris
1183 4312 1258 4373 olli·

225 4405 330 4484 cium,
361 4416 409 4468 est
426 4394 587 4490 episcopi,
621 4421 669 4472 cst
691 4408 807 4474 carim
827 4413 952 4491 vicarii,
982 4434 1047 4475 non
1079 4432 1257 4478 accusare.
