2632 5086
236 845 305 916 568
441 837 577 912 Leonis
599 774 646 908 Χ.
676 836 722 908 ad
746 834 825 907 Alb.
845 832 952 906 Arch.
973 833 1042 930 Ep.

234 1055 325 1107 nem,
351 1053 423 1093 cum
447 1051 507 1091 nec
525 1039 634 1092 noster
652 1029 685 1090 in
704 1027 1017 1108 circumspectionem
1037 1037 1121 1089 tuam
1140 1051 1258 1111 perpe.

234 1147 306 1195 tuus
327 1144 357 1194 et
378 1131 544 1212 singularis
564 1151 652 1193 amor
676 1129 806 1191 credere
827 1148 885 1191 nos
906 1128 1045 1204 sineret,
1076 1141 1107 1191 te
1127 1135 1257 1197 volente

231 1235 274 1296 ita
302 1254 371 1295 esse
398 1232 537 1307 facttum,
565 1244 597 1294 et
625 1241 675 1292 re's
704 1229 772 1307 ipsa
800 1250 881 1308 pene
909 1245 1040 1311 cogeret
1064 1233 1152 1293 credi
1183 1245 1255 1295 ante

232 1337 342 1398 oculos
362 1345 458 1407 tuos,
487 1334 519 1393 in
546 1333 622 1395 sede
650 1343 719 1405 tua,
754 1351 772 1390 a
791 1346 846 1393 too
865 1330 1039 1393 domestico
1059 1344 1091 1394 et
1110 1323 1262 1398 familiari

230 1457 294 1496 non
317 1434 457 1516 potuisse
480 1434 532 1495 edi
552 1444 668 1494 tantum
687 1432 787 1493 scelus
809 1432 840 1492 in
861 1444 1003 1513 apertum
1024 1444 1054 1494 te
1075 1432 1254 1515 ignorante,

230 1537 341 1619 ltaque
366 1542 436 1596 cum
458 1534 492 1595 in
511 1555 578 1596 eam
605 1532 710 1614 potius
740 1532 921 1610 opinionem
945 1533 1160 1614 declinemus,
1189 1543 1255 1604 brec

228 1638 268 1698 ad
300 1648 382 1697 tuam
412 1634 573 1696 scientiam
602 1654 668 1695 non
692 1634 894 1715 pervenisse,
931 1636 1092 1699 hortamur
1119 1639 1255 1704 circum·

229 1737 425 1818 spectionem
445 1746 528 1796 tuam
549 1735 581 1796 in
600 1734 762 1807 Domino,
788 1746 818 1793 ct
839 1734 877 1796 ab
897 1737 1029 1814 eadem,
1053 1751 1158 1820 quate
1179 1764 1255 1823 pro.

209 1839 391 1923 ¹sequimur
408 1836 629 1898 benevolentia
645 1835 852 1917 requirimus,
873 1847 908 1897 ut
923 1835 1128 1921 interponere
1145 1858 1254 1908 arieto·

222 1936 346 2007 itatem
374 1949 480 2010 tuam,
518 1937 705 2018 efficerequc
735 1935 831 2010 velis,
866 1948 901 1997 ut
930 1938 1037 2000 talium
1070 1963 1252 2025 compressa

223 2039 422 2113 temeritate,
454 2060 523 2121 quae
550 2036 583 2098 in
611 2038 688 2097 hane
716 2053 851 2097 sanctam
875 2038 982 2100 sedem
1003 2040 1118 2124 iniquis
1139 2047 1250 2111 animis

222 2139 419 2212 efferuntur,
445 2149 499 2199 asrt
526 2137 565 2197 ad
591 2135 775 2197 modestiam
794 2157 828 2196 sc
848 2151 1054 2215 convertant,
1084 2156 1137 2205 aut
1157 2166 1194 2208 ea
1215 2138 1249 2210 iri

220 2238 389 2298 maledicos
414 2237 527 2298 indicia
554 2247 615 2296 tuae
640 2236 812 2298 severimus
834 2238 988 2319 celeratur,
1017 2264 1086 2325 quae
1106 2256 1138 2304 et
1157 2246 1247 2325 ipsos

179 2346 191 2359 ‘
221 2349 252 2400 et
279 2348 408 2399 ceteros
439 2335 560 2416 possint
589 2346 707 2398 alanta
735 2340 903 2415 petulantia
927 2343 1103 2405 cohercere.
1142 2351 1242 2427 Quod

225 2435 515 2517 circumspectionis
535 2447 597 2496 tusa
624 2434 738 2499 honori
761 2438 902 2518 inprimis
923 2463 958 2502 ac
981 2441 1137 2521 dignitati,
1166 2469 1242 2529 quac

217 2537 313 2618 liujus
339 2548 450 2601 sanctae
470 2536 554 2600 sedis
575 2536 681 2599 nobile
710 2536 885 2602 membrum
913 2552 979 2619 est,
1014 2542 1072 2604 erit
1103 2547 1248 2611 consen.

218 2619 355 2701 tarreum.
422 2719 424 2722 y

666 2744 787 2759 m

652 2830 803 2913 Serpritur

515 2932 774 3014 Fragmentulunr
800 2932 938 3014 epistolae

392 3052 410 3092 a
428 3031 598 3094 Valentino
619 3032 787 3095 Tettleben
805 3055 862 3115 per
883 3039 1076 3102 Aleandrum

457 3132 589 3194 Alberto
615 3130 865 3215 Archiepiseopo
891 3136 990 3200 missae

571 3231 780 3297 demandatis
806 3235 876 3318 ejus

404 3352 499 3414 super
519 3332 653 3399 Lutberi
672 3356 708 3396 ac
726 3337 859 3399 Hutteni
878 3339 1052 3402 conatibus.

660 3461 781 3475 —u—

294 3535 402 3599 Habet
422 3540 593 3615 (Aleandor
612 3545 743 3619 scilicet)
767 3549 862 3618 multa
885 3549 927 3610 de
947 3550 1078 3614 Martini
1097 3552 1258 3619 Lutheri-

206 3634 366 3710 novitate,
402 3650 433 3699 et
465 3640 565 3715 Ulrici
597 3645 729 3706 Huttcni
760 3647 955 3727 temeritate,
991 3650 1035 3713 ob
1066 3652 1171 3716 editos
1199 3657 1236 3720 in

203 3733 365 3812 publicum
384 3736 416 3798 in
441 3740 548 3802 sedem
574 3745 789 3823 Apostolicam
811 3761 842 3811 et
869 3770 1038 3829 personam
1071 3754 1235 3835 pontilicis

203 3830 361 3911 famosos,
387 3838 507 3902 libellos
528 3862 599 3906 curn
620 3847 688 3908 Rna
715 3860 747 3908 et
773 3848 847 3910 Illna
877 3853 916 3914 D.
942 3853 983 3914 V.
1011 3861 1231 3942 commentari,

202 3937 372 4011 praesertim
393 3943 480 4021 quod
501 3943 689 4008 familiaritas
705 3949 854 4027 Hutteni,
875 3953 931 4035 qui
951 3956 1024 4018 amae
1044 3967 1077 4018 et
1094 3956 1176 4018 luna
1187 3960 1232 4027 D.

201 4033 245 4095 V.
276 4057 400 4117 semper
427 4042 545 4107 citriam
575 4048 692 4110 dicitur
716 4062 863 4125 secutus,
900 4056 1060 4130 attacus,
1094 4059 1128 4122 in
1160 4084 1231 4142 quo

198 4131 296 4196 libelli
315 4133 513 4216 impressioni
531 4147 594 4209 (lati
615 4148 763 4225 fuerunt,
784 4153 891 4217 civitas
907 4155 1023 4219 seilicet
1035 4158 1231 4240 Mogentina

197 4252 264 4294 non
290 4238 381 4298 nullis
401 4242 432 4301 in
449 4245 532 4337 prbe
570 4270 634 4310 non
667 4253 767 4315 levem
804 4265 926 4317 contra·
945 4258 1035 4320 Rmam
1064 4276 1096 4321 et
1127 4263 1228 4325 lllman

198 4332 239 4396 D.
261 4336 303 4397 V.
323 4341 530 4423 suspitionem
547 4351 704 4427 peperint.
730 4387 761 4398 —
787 4386 818 4398 -·

614 4542 805 4561 ..Ο-...-
