2618 5094
722 496 727 505 ι

192 819 262 888 Ι952
426 808 430 815 ’
510 814 674 889 Fortuna
700 764 888 915 Dialogus.

607 1007 673 1069 Hu
687 1017 789 1069 tten.

265 1100 389 1185 ortibus
400 1109 509 1187 plura,
527 1126 599 1171 nam
610 1106 972 1191 quibuspancadesunt,
993 1105 1088 1187 iijam
1099 1106 1215 1171 habero

190 1204 352 1281 videntur,
384 1228 451 1290 quo
470 1206 597 1283 vivant,
623 1206 699 1271 dum
717 1205 879 1289 erigantur
897 1218 929 1269 et
948 1205 1025 1289 ipsi,
1047 1207 1104 1292 qui
1121 1209 1215 1284 nihil,

190 1315 241 1366 aut
261 1306 317 1385 qni
335 1327 447 1387 parum
465 1306 603 1369 habent.¹

591 1408 808 1470 Fortuna.

263 1509 364 1593 lgitur
390 1508 548 1591 Euggeris
573 1509 649 1570 dare
674 1508 810 1589 primum
835 1516 964 1589 oportet
988 1528 1056 1581 me,
1083 1507 1213 1569 clamant

129 1646 135 1671 t
188 1610 272 1671 enirn
290 1630 390 1671 annos
409 1610 471 1690 jam
489 1610 609 1693 aliquot
629 1607 772 1671 ducentia
791 1600 928 1672 mittibus'
945 1628 1028 1688 opus
1047 1626 1119 1669 ease
1136 1629 1216 1688 quo-

191 1710 289 1773 tannis
310 1711 369 1773 sibi
390 1712 429 1775 atl
447 1732 500 1787 aa,
519 1732 589 1795 quaa
604 1711 693 1791 prius
705 1708 896 1781 babuerunt,
908 1718 945 1771 ut
956 1718 1060 1769 totnm
1070 1720 1215 1769 coemant

188 1812 226 1872 ab
247 1811 333 1874 ludis
354 1812 462 1893 piper,
489 1828 526 1873 ac
544 1810 576 1872 itt
598 1810 749 1885 alliciant,
769 1829 809 1870 ne
827 1808 896 1882 cui,
918 1818 1126 1892 praeterquam
1145 1806 1214 1881 sibi,

189 1914 315 1974 facultas
335 1912 373 1975 sit
395 1911 555 1973 vendendi
575 1910 607 1973 in
629 1913 759 1991 Europa
779 1930 927 1986 crocum,
948 1909 981 1971 in
1000 1930 1118 1971 summa
1147 1910 1215 1991 plu·

188 2013 300 2075 nimum
339 2024 374 2074 ut
405 2016 587 2087 lucrentur,
629 2022 660 2074 'et
690 2011 907 2093 monopolium
942 2022 976 2072 ut
1012 2012 1215 2073 confirment.

187 2113 294 2192 Quare
313 2112 361 2174 las
381 2123 429 2173 cst
449 2112 487 2173 arl
508 2132 601 2187 agros
620 2110 726 2175 rctlire
746 2124 795 2186 te,
822 2123 916 2195 atque
935 2110 1053 2195 aliquid
1072 2112 1217 2175 effodere

187 2210 247 2283 tbi,
278 2211 353 2273 dnm
373 2232 497 2295 magnas
518 2212 740 2295 Fuggcrorum
760 2211 1093 2293 necessitates,‘quod
1113 2212 1216 2273 velte

187 2312 294 2391 judice
306 2333 432 2395 nqttum
450 2323 516 2387 est,
537 2310 681 2389 sarciam,
704 2320 778 2393 post
795 2312 915 2397 aliquid
927 2313 983 2374 tibi
996 2314 1096 2377 minua
1109 2314 1216 2399 egenti

187 2432 354 2477 curavero.

202 2520 205 2525 '
540 2518 544 2527 '
600 2514 634 2578 Η
648 2525 693 2576 ut
709 2526 792 2578 ten.

263 2620 313 2681 Aa
332 2618 516 2701 Fuggmu,
538 2616 656 2679 vinens
676 2616 818 2691 nescire,
845 2614 990 2694 domina,
1011 2634 1111 2699 egere
1136 2617 1215 2701 quid

187 2719 242 2793 sit,
263 2738 298 2780 re
317 2721 378 2780 hoc
397 2719 481 2779 enim
502 2716 715 2779 aestimandum
727 2716 832 2793 venit,
852 2737 917 2779 non
928 2716 1094 2781 immodica
1107 2719 1216 2799 cujus-

188 2838 252 2902 que
271 2817 459 2899 cupiditate,
492 2838 563 2878 nam
583 2816 732 2897 proprius
760 2817 810 2879 hic
827 2819 958 2881 morbus
978 2828 1026 2881 eat
1039 2816 1214 2898 divitibus,

188 2929 309 3003 quanto
329 2919 398 2999 plns
418 2916 552 2991 habent,
574 2927 660 2979 tanto
673 2936 791 2996 cupere
805 2919 1006 2999 atlhucplus,
1026 2939 1086 2980 nec
1103 2940 1216 2983 eorum

188 3020 257 3083 lero
280 3017 448 3102 quisquam
467 3018 511 3079 ita
528 3018 670 3097 locuples
690 3029 753 3093 est,
772 3018 851 3101 quin
869 3018 992 3082 minora
1010 3018 1095 3083 votis
1114 3022 1217 3102 possi·

188 3123 270 3185 tleat.
318 3120 413 3183 ntiae
438 3118 536 3201 igitur
565 3120 812 3197 μιγαλοπτώκους
843 3120 937 3193 istos,
970 3131 1002 3179 ct
1033 3122 1216 3199 magnificos

188 3242 361 3303 pauperes,
388 3217 508 3301 majora
527 3241 623 3303 quam
645 3238 779 3281 necesse
801 3230 866 3294 est,
896 3219 1080 3301 cupientes,
1109 3222 1218 3284 memi-

188 3322 274 3381 noris
294 3340 373 3379 vcro
393 3320 599 3397 inexplebiles
619 3339 690 3383 esse
709 3317 871 3393 hominum
890 3320 1092 3400 cupiditates,
1125 3344 1161 3384 ac
1180 3323 1217 3385 it-

189 3420 243 3482 lntl
264 3417 384 3497 cogita,
407 3419 431 3477 si
451 3420 514 3479 hac
534 3420 659 3483 (latiaris
679 3416 740 3497 jam
754 3420 889 3482 ducenta
910 3422 1018 3495 millia,
1039 3422 1141 3483 statim
1160 3444 1217 3502 pc·

73 3570 77 3577 .
189 3519 302 3581 tituros
324 3517 381 3578 alia
400 3537 457 3580 eos
479 3518 709 3601 quadringenta
727 3520 840 3595 millia,
870 3532 904 3582 ut
924 3542 1003 3583 auro
1023 3521 1217 3585 abundantes

189 3639 307 3701 emtor,
339 3629 372 3679 et
397 3636 482 3680 arma
502 3629 701 3700 comparent,
727 3640 788 3682 nec
807 3620 1041 3703 monopolium,
1068 3632 1104 3684 ut
1124 3634 1215 3701 ante,

190 3719 248 3781 sed
266 3738 402 3801 regnum
420 3716 482 3800 jam
503 3730 538 3782 ut
557 3718 728 3783 instituant.

632 3820 821 3883 Fortuna.

267 3920 381 4003 Neque
408 3940 474 3981 non
499 3940 602 4002 regno
629 3920 704 3999 ipsis
732 3942 813 4002 opus
841 3932 906 3997 est,
933 3932 968 3985 at
996 3946 1065 4006 quae
1090 3924 1219 3997 lrabeat,

192 4040 321 4085 servare
342 4020 480 4100 possint,
503 4021 675 4099 periculum
694 4032 743 4084 est
764 4020 840 4104 ipsis
860 4023 943 4083 enim
957 4024 995 4083 ab
1008 4025 1061 4101 iis,
1083 4026 1139 4110 qui
1151 4046 1219 4089 mo·

191 4120 358 4203 nopolium
376 4122 562 4183 detrectant.

613 4215 800 4284 Hutten.

267 4316 355 4383 Vide
381 4315 476 4401 igitur
497 4338 537 4381 an
556 4340 682 4403 aquam
701 4322 757 4397 sit,
788 4321 825 4383 iis
846 4321 920 4386 dare
945 4333 996 4401 te,
1025 4322 1080 4409 qui
1109 4323 1220 4389 immo·

192 4419 280 4497 dica,
299 4420 466 4517 immonsa,
487 4430 520 4482 et
538 4419 645 4484 illicita
665 4421 722 4506 qni
742 4434 862 4502 petunt.
