2632 5086
305 39 384 47 ,ἡ

371 104 374 113 .

369 126 372 133 .

357 164 363 179 ἱ

304 244 380 315 ι
646 264 775 278 “2
1033 260 1038 266 ·

234 724 304 799 576
516 727 571 800 ad
597 727 709 801 Mart.
736 727 847 799 Luth.
873 725 989 824 Epist.

231 912 328 986 dixit,
350 917 548 994 conspirasse
567 919 749 1002 priusnos,
775 921 836 980 hoe
854 918 1001 982 mentitus
1016 929 1064 980 est
1080 919 1110 980 in
1126 919 1268 999 gratiam

230 1015 366 1077 Romani
387 1019 539 1100 episcopi.
578 1020 784 1083 Oliomiuem
807 1019 1007 1100 impudenter
1027 1022 1157 1081 malum!
1195 1022 1265 1083 sed

229 1116 401 1178 videndum
430 1131 500 1195 est,
542 1132 577 1182 ut
604 1122 647 1183 illi
677 1121 853 1195 reddatur,
890 1120 977 1204 quod
1003 1132 1154 1182 meretur.
1207 1123 1263 1184 'l'u

226 1218 415 1279 confirmare
447 1231 480 1282 et
515 1221 665 1284 robustus
697 1234 789 1296 esto,
827 1240 887 1282 uec
915 1218 1042 1281 vacilla!
1082 1221 1145 1282 Sed
1179 1223 1262 1304 quid

213 1302 367 1392 'mone0‚
396 1319 453 1380 ubi
480 1343 562 1402 opus
582 1322 743 1385 nonest?
783 1323 840 1382 tto
864 1320 958 1381 trahes
985 1319 1259 1400 adstipulatorem,

225 1416 257 1478 in
279 1439 388 1480 omues
403 1417 496 1483 etiam
514 1434 658 1485 eventus.
696 1424 807 1504 ltaque
823 1421 953 1482 consilia
968 1422 1069 1482 omuia
1088 1435 1143 1481 tua
1158 1428 1259 1485 aude-

224 1520 272 1580 bis
293 1524 421 1597 posthac
441 1522 573 1584 credere
592 1524 677 1592 mihi.
715 1523 921 1583 Viutliccmus
942 1544 1141 1585 communem
1159 1526 1257 1587 liber·

224 1625 331 1682 tatem!
357 1621 531 1700 liberemur
541 1644 723 1706 oppressam
745 1623 802 1697 diu
823 1622 885 1698 jam
905 1624 1053 1703 patriam!
1074 1624 1181 1686 Deum
1201 1629 1258 1689 lia·

127 1723 131 1729 ’
221 1719 332 1784 bemus
347 1723 380 1782 in
393 1721 544 1803 partibus.
582 1726 676 1802 Quod
696 1724 722 1786 si
738 1724 827 1785 Deus
841 1744 901 1801 pro
916 1723 1025 1797 nobis,
1048 1724 1120 1806 quis
1139 1739 1254 1799 contra

222 1822 303 1884 nos?
324 1821 553 1885 Prosciderunt
571 1835 603 1885 te
621 1823 830 1887 Colouieuses
852 1835 883 1885 et
900 1825 1134 1889 Lovanieuses.
1153 1897 1158 1905 ι
1174 1828 1253 1889 Haec

220 1921 271 1985 illa
289 1934 362 1986 suut
382 1923 537 1986 diabolica
561 1906 712 1994 adversius
738 1926 901 1987 veritatem
923 1925 1143 1987 conciliabula.
1185 1928 1252 1990 Sed

219 2043 476 2106 per-rumpemus,
488 2047 726 2107 perrumpemus
737 2073 745 2100 ,
758 2024 927 2104 atljuvaute
941 2022 1086 2099 Christo,
1099 2034 1250 2089 strenue!

217 2121 293 2185 Illos
312 2145 392 2185 vcro
408 2123 516 2187 decuit
532 2145 608 2187 vere
624 2125 746 2205 potius,
768 2125 823 2187 ubi
841 2126 1006 2207 negotium
1020 2127 1200 2203 inciderct,
1217 2141 1250 2191 et

221 2221 322 2285 libere
352 2221 504 2303 judicare.
554 2228 628 2305 Quo
659 2227 787 2288 nomine.
819 2226 929 2287 monui
950 2248 1012 2288 eos
1045 2229 1179 2309 quadam
1213 2230 1247 2291 in

215 2323 399 2406 prelatione
415 2325 470 2399 ⁰),
499 2346 594 2408 quam
618 2329 715 2407 leges.
755 2327 862 2387 Mittor
881 2348 949 2393 eam
970 2327 1090 2408 Capito.
1128 2328 1240 2389 Hodie

214 2426 255 2490 ad
289 2423 524 2491 Ferdinandum
560 2428 651 2489 abeo.
698 2426 859 2509 Quicquid
885 2427 929 2487 ibi
960 2444 1090 2507 potero,
1120 2438 1239 2489 nostro

143 2596 146 2603 ,
212 2531 321 2607 bono,
348 2550 415 2592 non
434 2529 576 2592 cessabo.
615 2529 712 2593 Juhet
730 2527 770 2591 ad
790 2548 824 2590 se
845 2527 956 2589 venire
976 2528 1014 2590 N.
1031 2539 1083 2601 te,
1099 2525 1130 2587 ai
1149 2538 1241 2591 tutus

212 2632 281 2698 istic
300 2633 374 2694 satis
393 2650 458 2692 non
476 2629 537 2704 sie,
565 2628 725 2691 habiturus
745 2650 805 2708 pro
825 2640 877 2689 tua
897 2629 1048 2709 dignitate
1066 2626 1242 2691 liberaliter

211 2746 245 2796 et
263 2732 415 2792 adversus
436 2729 537 2792 omnis
558 2730 685 2809 generis
716 2729 859 2792 inimicos
887 2729 1077 2791 defensurus
1097 2740 1241 2791 strenue.

210 2832 285 2896 Hoc
302 2841 352 2893 ter
371 2841 426 2892 aut
446 2841 558 2913 quater
575 2828 687 2911 jussit,
708 2830 748 2894 ad
768 2841 798 2891 te
812 2828 994 2892 scriberem.
1013 2828 1063 2902 ¹⁴¹)
1101 2830 1139 2891 ln
1160 2832 1241 2892 Bra·

207 2933 316 2996 bantia
335 2930 497 2995 invenient
514 2950 565 2993 me
585 2943 648 2993 tuae
667 2931 779 3002 literae;
810 2931 890 2992 istuc
905 2929 1025 3002 scribe,
1047 2941 1079 2989 et
1099 2942 1241 2992 amanter

208 3036 280 3098 vale
305 3033 395 3097 etin
425 3031 574 3095 Christo!
612 3030 775 3113 llloguutii
796 3030 907 3110 raptim
926 3030 968 3092 Il.
1005 3032 1107 3091 Nouis
1130 3032 1240 3106 Juuii,

208 3137 306 3201 Anno
326 3134 376 3197 M.
395 3134 437 3195 D.
458 3134 536 3195 XX.
573 3130 972 3195 Metanctttronem·sa1uta
1008 3140 1040 3190 et
1063 3131 1240 3208 Facchum,

208 3255 245 3305 ac
259 3237 363 3309 bonos
383 3234 455 3296 istic
478 3253 610 3306 omnem
638 3231 818 3316 iterumque
834 3235 923 3295 valet

211 3380 405 3396 *ι’-

276 3440 310 3507 ⁴)
328 3448 364 3492 Ad
383 3445 503 3491 libellum:
522 3445 661 3493 tenuitate
679 3439 788 3494 ecclesiae
806 3446 978 3495 corisemanda.
1019 3483 1023 3489 .

264 3523 310 3591 ⁴⁴)
328 3530 404 3586 trum
422 3540 448 3574 v.
467 3529 600 3597 stcktnren.
616 3586 630 3595 ..
