2632 5086
226 744 275 819 sd
297 742 589 836 Ferdinandum,
613 746 857 823 Archiduccm
881 751 990 848 praef.
1051 754 1122 835 att

104 956 180 1017 pas-3
209 938 267 1001 alia
293 937 379 1001 enim
407 937 539 1018 agebam
568 950 664 1012 tunc,
694 940 781 1003 torte
802 939 932 1005 iortmm
956 941 1071 1009 librum
1087 942 1123 1007 in

104 1037 293 1100 bibliotheca
311 1036 482 1110 Fuldensi,
514 1058 584 1119 quae
605 1037 733 1101 codices
753 1039 869 1117 lbabet,
896 1043 989 1105 valde
1007 1045 1124 1106 multos

105 1149 231 1200 veteres
246 1150 278 1200 et
294 1138 412 1213 bonos,
436 1136 543 1199 inveni
563 1138 781 1207 vetustissimis
799 1142 948 1224 scriptum
967 1145 1124 1210 characte-

107 1239 216 1313 ribus,
250 1238 339 1319 cujus
370 1241 401 1300 in
431 1237 538 1301 fronte
564 1259 670 1322 neque
700 1239 778 1322 quid
804 1244 984 1320 contineat,
1015 1264 1124 1328 nequa

101 1358 174 1421 -quo
194 1351 323 1403 auctore
349 1338 485 1418 scriptus
509 1336 552 1401 sit
576 1337 725 1401 indicium
753 1342 850 1405 ullum
874 1352 958 1404 erat:
994 1343 1036 1404 ita
1054 1343 1124 1408 sine

108 1440 219 1515 titulo,
254 1440 323 1503 sine
357 1438 541 1522 praefatione
567 1454 661 1519 eaput
689 1450 746 1502 est.
789 1441 911 1523 Accepi
935 1444 967 1504 in
994 1463 1124 1523 manua,

108 1540 257 1623 quiddam
283 1538 486 1622 praesagiebat
514 1541 588 1603 mihi
619 1541 739 1602 animus
765 1541 868 1617 enim,
907 1552 959 1615 et,
998 1553 1034 1603 ut
1057 1550 1126 1606 erat

107 1641 291 1718 pulveribus
315 1639 454 1715 obsitus,
473 1639 614 1715 excussi,
633 1639 774 1722 quaedam
793 1641 873 1723 legi,
895 1640 1027 1721 placuit;
1047 1661 1126 1704 cou-

107 1740 196 1803 tinuo
216 1743 324 1821 plura,
344 1759 420 1801 mox
439 1749 541 1801 totum
559 1740 719 1821 percurri,
747 1739 859 1820 raptim
883 1740 1034 1823 primum,
1053 1750 1127 1820 post

107 1843 201 1918 paulo
217 1838 403 1901 accuratius.
423 1837 574 1921 Cognoui
589 1839 750 1905 inventum
762 1839 886 1914 nobile,
907 1861 975 1902 rem
990 1839 1128 1922 tempori

108 1939 393 2014 accommodatam,
424 1951 457 2001 et
474 1938 635 2002 desiderio
661 1938 915 2022 uniuscujusque
939 1940 1018 2002 boni
1042 1959 1128 2005 sum·

109 2062 238 2122 mopere
258 2042 476 2123 expetendam.
514 2042 572 2101 Est
593 2039 676 2103 euim
697 2039 738 2103 de
757 2038 875 2103 unitate
891 2040 1030 2103 ecclesia
1050 2060 1129 2105 con·

109 2143 278 2215 servanda,
297 2141 337 2203 de
357 2142 460 2203 officio
478 2139 555 2202 boni
575 2139 750 2220 pontificis,
770 2139 811 2201 de
826 2139 1010 2201 auctoritate
1022 2161 1128 2205 sacer·

108 2240 221 2316 dotali,
255 2251 287 2301 et
313 2238 436 2320 imperii
466 2238 603 2301 Romani
631 2238 784 2323 dignitate
811 2237 1031 2319 conscriptus,
1060 2250 1129 2307 tum
1225 2276 1227 2281 v

108 2341 240 2405 schisma
284 2341 476 2415 detestatur,
530 2338 699 2405 seditiones
743 2350 776 2401 et
811 2338 987 2402 discordias
1023 2340 1127 2424 tollit,

108 2461 218 2523 pacem
238 2439 402 2521 praedicat,
430 2449 463 2500 et
482 2439 617 2501 studium
636 2437 776 2501 veritatis
795 2438 928 2500 adserit:
949 2452 1045 2521 atque
1061 2458 1130 2501 om·

110 2541 161 2602 nia
185 2543 250 2602 luec
275 2537 459 2620 evangelica
488 2537 650 2611 doctrina,
683 2548 716 2599 et
734 2539 963 2619 Apostolorum
990 2558 1027 2599 ac
1047 2537 1129 2601 Pro·

110 2642 272 2720 phetarum
289 2636 380 2699 fulcit
392 2637 587 2715 testimoniis.
624 2635 749 2699 Exsilui
765 2638 897 2719 gatrdio,
916 2636 959 2698 ita
973 2657 1023 2700 me
1037 2635 1132 2703 Chri·

111 2751 176 2801 stus
195 2749 295 2814 amet,
322 2748 355 2798 et
382 2735 485 2801 latitia
510 2736 682 2813 exsultavi,
712 2737 811 2820 magis
838 2738 933 2801 etiam
950 2737 1129 2817 inveniens,

111 2841 202 2924 quod
219 2860 287 2902 noa
305 2837 503 2921 quaesieram,
525 2835 584 2899 sed
602 2837 690 2919 quod
709 2848 776 2898 erat
791 2838 911 2922 alioqui
928 2849 1032 2901 umen
1044 2859 1131 2921 qua·

112 2941 270 3014 rendum,
306 2960 400 3023 quam
430 2937 458 3001 si
484 2937 589 3000 dedita
615 2956 713 3017 opera
733 2935 929 3013 incidissem,
962 2937 1131 3022 statimque

111 3042 250 3109 venitin
270 3052 407 3113 mentem
425 3038 500 3101 mihi
520 3038 615 3115 hujus
635 3034 805 3097 Menandri
823 3035 1008 3097 sententiae:
1058 3100 1061 3111 ,
1087 3098 1108 3125 Α

223 3148 341 3227 ἔρχεται
360 3139 385 3200 τ’
405 3139 516 3209 ἀληθὲς
538 3144 575 3202 iu
599 3144 662 3218 Φῶς
680 3139 771 3199 ivisse
790 3132 806 3200 i
824 3137 976 3215 ἐπέμενον

112 3248 209 3330 Quod
227 3246 255 3309 si
274 3242 523 3308 adfuissettuac
542 3238 693 3316 Carolus,
713 3249 749 3302 ut
766 3259 852 3301 eram
870 3235 1036 3316 inopinate
1054 3235 1130 3301 lati·

112 3352 159 3413 tiae
178 3344 322 3408 concitus
341 3343 477 3422 impetu,
498 3339 538 3401 ad
551 3338 654 3417 ipsum
666 3336 916 3425 procuprissem,
936 3357 1049 3400 munus
1068 3338 1131 3400 troc

113 3449 267 3519 offerens,
295 3464 362 3505 non
389 3439 449 3504 nisi
473 3439 623 3513 surrrmis,
651 3451 687 3501 ut
712 3438 799 3503 mibi.
815 3438 959 3513 vitlemu,
987 3436 1146 3520 digama,-

113 3534 333 3628 putasaemque
351 3545 413 3605 hoc
432 3539 567 3613 faciens,
587 3556 736 3621 magnum
754 3561 804 3602 me
820 3537 1000 3621 quidpiam,
1019 3548 1052 3602 et
1065 3558 1132 3601 non

112 3644 222 3725 exigui
233 3642 336 3705 meriti
349 3642 485 3705 dedisse.
524 3642 602 3702 Nam
615 3640 699 3701 haud
714 3637 910 3713 dubitabam,
929 3658 1131 3719 summopere

112 3746 174 3808 hoe
194 3744 237 3804 illi
256 3752 381 3824 gratum
398 3739 560 3814 futurum,
581 3738 845 3823 confidenterque
864 3737 1049 3812 credebam,
1067 3740 1129 3801 boe

112 3844 152 3907 ab
171 3867 211 3915 eo
230 3843 346 3905 lactum
363 3861 422 3922 pro
442 3839 491 3904 sui
509 3839 661 3917 dignitate
679 3839 860 3903 astianum
879 3837 936 3913 iri,
954 3839 1130 3902 intellectu·

112 3968 183 4012 rum
201 3946 306 4025 ipsum
323 3962 421 4018 vero,
440 3939 582 4003 nonriihil
600 3960 670 4002 esse
689 3938 724 4001 in
741 3960 814 4017 me,
833 3956 901 4024 quo
920 3937 1013 4002 vobis
1032 3936 1131 4018 prod·

111 4069 181 4111 esse
206 4043 336 4126 possim.
374 4043 453 4124 Ques
483 4060 554 4104 esse
582 4050 687 4120 potest
712 4039 797 4103 enim
823 4039 994 4121 pretiosior
1020 4058 1130 4121 opera,

112 4168 207 4231 quam
232 4145 259 4208 si
284 4142 356 4226 quis
382 4162 441 4204 vos
470 4141 591 4205 servire
615 4162 683 4205 non
707 4140 912 4224 permiserit?
945 4141 1132 4204 Serviemant

113 4249 195 4309 enim
222 4243 375 4307 Ronmanis
411 4241 636 4323 pontificibus,
667 4241 870 4318 servierunt,
901 4242 983 4322 proh
1010 4239 1130 4320 pudorl

114 4355 270 4430 quotquot
301 4365 344 4407 ex
378 4340 544 4405 Germanis
571 4341 815 4423 imperatoribus
841 4352 896 4404 aut
922 4340 1003 4404 urbe
1028 4339 1133 4402 lloma
