2632 5086
135 748 206 848 296
419 762 481 835 De
507 757 661 859 Gusjsci
686 755 870 833 medicine

136 953 268 1019 divendi
286 965 450 1035 unguente
468 953 590 1026 vetuit,
620 962 651 1014 et
670 949 902 1033 unguentarios
920 949 1047 1012 civitate
1065 949 1167 1031 pelle·

136 1056 213 1122 bsut
240 1053 491 1128 Lscedscmonii,
521 1051 627 1115 oleum
653 1070 862 1132 eorrumpere
888 1070 946 1113 eos
973 1050 1164 1114 dictitantes.

136 1156 236 1238 Apud
250 1156 381 1218 eosdem
395 1151 618 1217 conviviorum
633 1162 815 1233 apparatum
828 1163 860 1213 et
875 1150 1027 1214 lautiores
1040 1170 1164 1213 menses

136 1255 263 1325 sustulit
275 1255 455 1335 Lycurgus.
491 1251 640 1316 Graviter
656 1251 749 1315 etiem
761 1251 939 1316 istiusmodi
952 1254 1048 1313 luxus
1062 1272 1163 1334 geum

136 1354 295 1437 increpuit
307 1354 393 1434 opud
403 1353 651 1432 Xenophontem
664 1352 822 1416 Socrates.
855 1350 1011 1414 Proiecto
1029 1350 1164 1414 alienum

137 1455 200 1521 tuit
229 1454 269 1517 eb
300 1453 437 1535 antiquis
468 1436 653 1527 Germanis,
698 1472 792 1514 omne
821 1451 989 1537 voluptatis
1013 1450 1164 1526 studium,

138 1575 272 1638 remque
297 1555 448 1635 putabant
471 1554 606 1617 maxime
626 1564 806 1628 externam,
834 1564 1008 1636 utcumque
1028 1553 1163 1617 molliter

138 1678 175 1727 se
201 1656 328 1721 hebere.
381 1655 543 1735 Quosdam
566 1675 629 1737 ego
655 1653 763 1718 audivi
790 1671 905 1730 senes,
937 1652 994 1738 qui
1018 1652 1163 1717 dicebant

139 1754 311 1844 juvenibus
335 1754 396 1823 sibi
422 1767 530 1838 togam
552 1754 652 1819 luisse
678 1764 874 1836 suspectum,
903 1774 976 1816 cum
999 1774 1058 1815 nos
1087 1774 1160 1830 pur·

138 1877 251 1939 purnm
270 1856 438 1923 adoremus
452 1855 559 1921 hodie.
588 1857 697 1937 Atque
711 1852 809 1936 igitur
822 1876 842 1916 o
856 1855 1025 1934 depravate
1039 1855 1159 1917 secula!

140 1958 348 2042 'legebantur
374 1956 419 2021 illi
444 1956 610 2019 inexcultis
630 1954 769 2017 [erorum
788 1952 942 2033 pellibus,
977 1966 1010 2016 et
1028 1954 1088 2018 sub
1107 1953 1161 2016 dio

139 2077 177 2123 cc
195 2057 229 2121 in
251 2055 359 2122 eastris
380 2056 621 2134 pernoctabunt,
649 2065 681 2115 ct
701 2053 865 2120 laboribus
884 2053 1161 2127 confirmabuntur,

143 2179 217 2222 cum
245 2178 305 2222 uos
330 2155 467 2219 molliter
494 2156 645 2231 vestitos,
684 2165 717 2217 et
744 2156 804 2219 sub
832 2176 968 2238 peregre
994 2153 1162 2219 elaborati·

138 2256 199 2323 illis
224 2256 404 2340 gausapinis
430 2255 627 2329 delicinutes,
654 2276 748 2318 omne
771 2259 866 2319 luxus
892 2278 992 2337 genus
1019 2265 1161 2330 enervet,

138 2379 176 2422 sc
201 2357 368 2421 interimet.
418 2358 461 2420 Et
484 2356 584 2437 possit
610 2377 738 2437 sperare
766 2357 837 2440 quis
866 2358 961 2419 finem
988 2356 1163 2421 babituram

137 2459 230 2529 lreile
257 2460 338 2522 benc
365 2457 496 2520 vivendi
519 2457 552 2519 in
580 2455 749 2518 Germania
775 2457 1057 2534 cousuetudinem,
1091 2479 1162 2523 cum

136 2561 321 2643 ,exemplum
340 2557 410 2638 ejus
430 2556 469 2619 eb
486 2556 555 2631 his,
578 2556 633 2639 qui
652 2558 834 2624 sacerdotes
848 2569 1020 2633 vocantur,
1041 2569 1164 2623 emanet

137 2659 308 2741 precipue.
359 2658 404 2721 lli
431 2677 498 2720 nou
525 2657 560 2719 in
590 2657 822 2721 celebritatibus
850 2669 972 2725 tanturn
1002 2669 1035 2720 et
1061 2658 1162 2741 epulis

138 2777 319 2832 sacrorum,
362 2757 420 2819 sed
446 2756 668 2840 unusquisque
693 2757 781 2820 domi
808 2781 891 2833 sus,
926 2758 960 2820 in
986 2758 1163 2835 patinarum

130 2857 307 2944 ¹paludibus
327 2857 482 2934 innatant,
504 2878 541 2920 ec
555 2858 652 2922 vitem
667 2869 783 2922 vocsut
801 2859 897 2923 edere
916 2869 948 2921 et
960 2858 1089 2934 bibere,
1110 2870 1165 2921 etit

138 2957 167 3025 si
181 2978 249 3021 sion
270 2968 404 3036 vocant,
424 2969 510 3027 certe
525 2959 720 3032 existimant,
741 2968 837 3040 etque
851 2957 927 3023 iude
941 2959 993 3023 stit
1008 2958 1084 3022 nihil
1097 2979 1164 3022 non

136 3056 236 3122 licere
252 3058 313 3124 sibi
329 3069 459 3139 putent,
479 3079 552 3127 eum
569 3060 635 3126 hee
649 3057 692 3121 illi
706 3056 833 3122 saciant.
856 3063 947 3139 ·Quo
963 3061 1014 3134 lit,
1035 3070 1071 3122 ut
1087 3081 1163 3123 suus

137 3162 156 3225 l
177 3158 343 3223 Germanis
363 3159 484 3241 patrius
508 3169 540 3221 et
559 3159 718 3238 genuinus
743 3180 813 3222 mos
834 3162 963 3235 exulet,
991 3160 1023 3221 in
1042 3171 1166 3223 tautum

137 3257 292 3327 induistis
304 3259 355 3323 bic
366 3259 509 3327 moribus
523 3271 558 3322 ut
569 3258 791 3342 perditissimae
805 3281 949 3344 quasque
959 3263 1038 3323 luxu
1052 3272 1164 3342 gentes

136 3377 317 3445 provocare
337 3357 506 3441 possimus.
545 3360 632 3439 Quin
656 3360 763 3438 potius
788 3359 875 3425 foras
902 3362 1081 3443 propellere
1106 3360 1165 3424 isu

138 3457 371 3533 conveniebat,
400 3471 433 3521 et
451 3459 718 3542 quemadmodum
739 3461 888 3540 placente
913 3459 1095 3541 Diogenes,
1122 3463 1166 3524 its

138 3570 275 3625 externo
289 3560 340 3623 isti
352 3562 443 3623 luxui
457 3562 581 3635 dicere,
598 3580 618 3622 ο
632 3561 766 3643 hospes,
785 3560 858 3626 hino
870 3559 935 3623 cito
949 3562 1164 3640 proficiscere,

139 3658 309 3742 aliquando
321 3681 380 3723 nos
395 3662 479 3731 euim
489 3662 541 3723 vel
553 3671 685 3727 externo
697 3661 825 3728 erudire
839 3665 984 3745 exemplu
995 3663 1165 3728 debebant.

138 3762 181 3824 Et
200 3781 273 3827 cum
290 3760 388 3825 hodic
406 3760 531 3843 regium
548 3759 690 3842 inprimis
710 3774 846 3845 putetur¹
858 3765 1077 3846 profusissime
1097 3789 1166 3830 era·

137 3859 261 3940 puleri,
294 3861 401 3925 audite
423 3860 651 3929 Menedemum
670 3865 893 3951 philosophum
912 3866 1097 3948 Antigono,
1125 3890 1166 3931 au

137 3959 339 4027 luxuriosum
357 3961 541 4027 convivium
559 3963 650 4027 adeat
668 3966 882 4047 percontanti,
901 3968 1165 4046 respondentem:

136 4060 305 4129 Memento
318 4062 404 4143 regis
420 4074 451 4124 to
465 4084 535 4127 esse
551 4064 670 4141 fitium
690 4078 744 4128 eut
761 4087 840 4129 vero
852 4067 1086 4142 Antisthenen,
1109 4067 1166 4151 qui

138 4160 264 4225 delicies
276 4162 421 4225 laudante
436 4164 593 4244 quodum
612 4165 752 4240 luimi'ci,
766 4164 886 4248 inquit,
901 4167 1032 4230 delicate
1046 4167 1165 4230 vivant.

138 4260 329 4346 inscriptum
352 4261 504 4327 cordibus
523 4267 639 4336 uostris
662 4265 759 4331 debet
779 4286 850 4329 esse
868 4266 959 4331 Pauli
982 4270 1163 4333 oraculum:

139 4362 228 4425 Esou
250 4360 372 4438 ventri,
400 4362 459 4440 sit,
478 4376 520 4454 ¹‚et
537 4379 650 4433 venter
668 4366 766 4443 escis,
793 4365 883 4435 Deus
905 4378 1011 4437 nutem
1030 4381 1063 4433 et
1079 4371 1166 4441 huno
