2632 5086
151 776 219 847 tet
570 769 747 871 Apologia

146 965 267 1027 tionem
292 987 421 1039 mores,
448 975 483 1027 tu
511 964 621 1027 turbas
646 963 789 1025 excitas?
827 962 923 1026 Disce
945 964 1071 1027 tandem
1095 964 1173 1031 istos

146 1078 220 1129 tuos
239 1065 399 1133 moderari
417 1065 570 1147 impetus,
595 1065 684 1127 istam
704 1063 894 1145 precipitem
916 1064 1049 1128 fraenare
1072 1064 1174 1127 iram?

146 1167 212 1230 Aut
231 1166 258 1228 si
278 1163 486 1241 constituisti,
514 1164 589 1227 nihil
617 1164 732 1227 rationi
758 1165 853 1238 dare,
884 1164 989 1227 omnia
1007 1164 1175 1246 cupiditati

146 1267 341 1341 concedere,
371 1266 458 1331 ferre
481 1286 547 1328 non
577 1266 751 1346 poterimus
778 1276 813 1327 nt
841 1266 902 1327 hoc
933 1264 1029 1328 facias
1054 1286 1173 1328 eornm

145 1369 245 1442 mato,
258 1369 309 1428 rel
323 1368 466 1448 periculo
482 1368 606 1441 sattern,
624 1386 706 1451 qrros
725 1365 996 1440 caesenatensis,
1016 1386 1100 1445 queis
1118 1387 1172 1447 co-

145 1456 255 1541 ¹imus,
277 1466 393 1549 quibus
414 1467 496 1530 benc
514 1468 693 1529 consultum
706 1469 861 1528 volumus.
895 1466 1046 1548 lnteitigis
1063 1466 1171 1547 igitur,

147 1579 266 1652 quanto
287 1567 492 1647 prudentius,
526 1577 710 1649 ‹prantoqne
731 1589 772 1627 ox
798 1567 861 1627 fide
889 1566 987 1647 magis
1009 1568 1172 1631 consulam

146 1692 209 1752 ego
227 1671 285 1745 itti,
307 1671 361 1752 qni
382 1671 442 1729 hoc
462 1680 570 1742 struo,
602 1679 636 1728 nt
655 1666 703 1728 ini
712 1666 775 1729 idio
795 1679 913 1729 temere
938 1688 996 1745 per
1014 1678 1045 1726 te
1063 1668 1170 1728 conci-

145 1782 207 1833 tata
230 1772 314 1853 apud
339 1770 588 1843 consedentes,
620 1779 652 1829 et
672 1768 873 1830 wilhelmum
895 1766 1069 1849 principum
1094 1768 1172 1829 libe·

145 1885 252 1949 retur,
270 1895 365 1956 quam
377 1884 430 1945 tn,
448 1870 503 1954 qni
519 1881 709 1951 prepostero
720 1879 772 1928 tna
788 1867 935 1929 cautione
951 1866 983 1929 in
996 1866 1170 1947 pericnlum

144 1996 251 2038 vocas.
291 1977 398 2052 Qnme.
414 1971 507 2033 etiam
523 1968 603 2033 iliius
623 1968 834 2029 innocentiam
851 1978 960 2040 tueor,
981 1988 1047 2029 non
1067 1966 1170 2029 minue

145 2095 240 2157 qrram
267 2085 339 2133 tnos
376 2071 573 2149 importunos
603 2068 737 2147 impetus
768 2086 894 2129 accuso.
937 2068 1052 2149 Neque
1084 2068 1172 2130 enim

144 2174 262 2237 sciebat
276 2172 343 2254 ipse
358 2172 435 2253 qnid
448 2183 482 2232 tu
502 2169 641 2243 faceres,
670 2188 777 2251 neque
795 2179 830 2228 nt
849 2167 980 2246 opinor,
1002 2167 1030 2229 si
1044 2167 1169 2247 presci-

144 2274 259 2348 visset,
287 2294 353 2334 non
374 2272 581 2333 intercessum
599 2280 659 2330 tine
677 2280 760 2331 esset
778 2269 924 2330 ausiaci-e.
964 2271 1031 2331 Nec
1051 2269 1172 2331 factum

145 2387 234 2438 tuum
259 2372 425 2454 probarit,
452 2370 531 2442 sed,
568 2380 603 2431 ut
632 2368 764 2443 dcbnit,
798 2390 881 2451 egre
908 2369 987 2431 rutir.
1025 2370 1170 2432 Proinde

144 2487 230 2539 metn
254 2496 367 2537 vacare
388 2473 505 2551 jubeo,
530 2480 562 2531 et
578 2491 595 2529 a
611 2466 771 2548 periculo,
793 2491 859 2552 quo
874 2474 1079 2543 turonense,
1100 2489 1170 2532 esse

142 2575 295 2648 liberum,
322 2573 488 2652 invitoque
510 2570 565 2632 tihi
587 2567 688 2649 eripio
711 2591 807 2644 eum,
834 2590 951 2651 (prem,
981 2566 1008 2628 si
1032 2589 1100 2651 quo
1122 2568 1170 2630 vie

78 2667 82 2675 ’
144 2676 328 2752 protrahere
343 2672 398 2733 tihi
413 2674 538 2745 liceret,
558 2669 619 2752 jam
633 2670 784 2750 perderes
798 2671 908 2735 statim.
941 2672 984 2733 At
999 2681 1032 2732 tu
1043 2669 1170 2731 interim

143 2793 209 2855 quo
230 2773 303 2834 loco
322 2770 387 2834 cs?
424 2772 596 2850 Quomodo
614 2772 670 2832 tibi
696 2771 906 2834 consuluisti?
936 2773 1051 2832 donne
1073 2769 1169 2847 hujus

142 2893 243 2955 ergo,
265 2872 354 2954 quod
367 2872 611 2953 prudentissime
626 2872 733 2935 iacere
751 2872 851 2933 rideri
865 2870 1011 2944 volebas,
1027 2871 1168 2933 omnium

141 2971 256 3054 passim
266 2972 466 3037 sermonibus
477 2971 629 3051 vapulas?
648 2972 766 3046 Liber,
781 2971 841 3046 ais,
854 2992 917 3052 ego
927 2992 1006 3031 snm.
1030 2971 1166 3051 Opiuor.

141 3074 205 3136 Sed
224 3095 287 3156 ego
308 3075 353 3136 sic
374 3096 445 3136 esse
468 3075 582 3149 nolim,
610 3086 642 3135 et
665 3073 722 3133 tibi
747 3083 874 3147 nonio„
900 3091 972 3132 cnm
992 3082 1027 3131 tn
1051 3091 1103 3133 ine
1121 3071 1167 3133 vi·

140 3174 244 3237 cissim
270 3174 376 3236 oderis
404 3195 440 3235 ac
471 3175 518 3236 tni
542 3175 710 3247 misereor,
739 3172 794 3255 qni
821 3184 882 3233 tam
909 3173 993 3233 nulla
1019 3171 1167 3253 adigente

140 3274 346 3346 necessitate,
375 3277 458 3335 nnita
474 3275 626 3337 suadente
650 3293 760 3349 cansa,
792 3274 849 3336 sed
869 3283 977 3352 tuapte
1004 3275 1167 3335 voluntate

140 3373 184 3435 sic
205 3372 388 3452 impeditum
410 3385 440 3435 te
463 3375 598 3447 reddas,
617 3376 774 3455 prudens,
796 3376 917 3449 sciens,
938 3374 1116 3458 ridensque
1133 3376 1165 3436 in

139 3484 201 3534 tam
213 3471 425 3551 periculosum
442 3484 472 3536 te
488 3474 621 3554 accipias
641 3478 762 3551 iocum,
784 3487 830 3536 tot
847 3486 909 3536 tam
925 3477 1081 3551 valentes,
1105 3488 1168 3540 tam

139 3571 297 3652 gratiosos
325 3572 484 3648 homines,
512 3574 659 3657 interque
681 3598 737 3639 cos
768 3575 926 3655 principes
955 3575 1048 3638 etiam
1077 3577 1165 3640 riros

139 3669 282 3734 inimicos
305 3672 420 3749 rapias.
460 3676 531 3751 Qua
552 3688 633 3737 rent
653 3675 743 3738 facile
764 3675 885 3759 quiesci
903 3687 1006 3753 perte
1028 3688 1164 3756 poterat,

138 3771 180 3835 ita
206 3772 299 3834 valde
323 3786 451 3848 metuo,
493 3787 529 3837 ut
553 3775 729 3839 difficillime
755 3777 800 3839 sic
826 3775 991 3856 implicitus
1019 3777 1166 3857 expediri

137 3872 249 3953 possis.
286 3874 374 3954 Quid
394 3885 424 3934 tc
443 3875 541 3937 facies
562 3876 663 3951 enim,
685 3877 711 3937 si
732 3878 820 3960 ‹prrod
840 3877 967 3939 minime
981 3889 1076 3957 opt0‚
1098 3878 1166 3941 ani·

135 3973 334 4036 madr‘crtere
360 3974 414 4035 ebs
441 3985 472 4036 te
498 3976 615 4039 iactum
645 3982 728 4053 hoc,
761 3980 815 4061 qni
842 3990 907 4040 tam
935 3981 1165 4041 contumaciter

135 4092 260 4135 causam
279 4075 382 4137 modis
407 4076 554 4139 omnihus
576 4080 751 4141 demiratum
774 4080 903 4158 probes.
944 4078 1165 4142 Couioederoti

135 4172 271 4237 volent?
308 4174 393 4239 lttins
409 4197 503 4257 opem
520 4178 719 4258 implorabis,
742 4178 833 4260 cnjus
853 4179 1048 4243 <defendendi
1067 4202 1164 4243 manse

135 4272 237 4335 adiisti
261 4274 454 4339 discrimen?
490 4279 534 4341 At
559 4277 621 4359 jorn
644 4282 756 4343 cecidit
776 4282 861 4360 ipse,
891 4302 958 4362 quo
980 4281 1085 4343 minus
1111 4303 1164 4345 su·

135 4383 271 4439 stentare
288 4388 320 4440 te
343 4376 454 4458 possit.
491 4378 562 4444 ‚lam
583 4381 651 4464 ipse
670 4382 785 4465 periit,
818 4402 884 4466 qno
910 4381 1013 4444 minus
1033 4400 1166 4444 serrare
