2632 5086
322 714 452 790 Febris
476 713 645 789 Secunda
666 712 864 818 Dialogus.-
1033 720 1102 797 toa

52 996 56 1002 .
81 924 178 986 vitam
193 921 261 986 uni.
293 918 380 1003 Quin
395 917 488 982 etiam
502 917 581 983 tanti
598 920 684 1000 apud
695 938 746 984 me
759 919 864 997 fuisti,
884 920 1051 1005 inquiens,
1070 934 1107 1001 ut

81 1044 148 1107 quo
168 1035 274 1085 tecum
293 1041 410 1096 essem,
431 1021 583 1101 opulento
594 1018 637 1088 itti
655 1020 768 1097 juveni
787 1018 958 1088 recusarim
972 1025 1104 1100 nubere,

80 1124 214 1204 dignum
230 1132 296 1183 rata
309 1122 394 1201 apud
409 1141 506 1204 quem
521 1120 618 1185 aetatis
634 1119 710 1209 mihi
727 1120 787 1183 llos
804 1133 987 1186 emaroeret.
1028 1125 1107 1204 Quas

78 1234 129 1285 est
148 1234 253 1287 autem
272 1233 339 1284 tota
358 1221 502 1294 civitate,
520 1243 590 1304 quae
609 1219 656 1282 sic
674 1241 773 1289 unum
791 1220 896 1283 amet?
913 1221 961 1287 sic
979 1223 1109 1287 domum

80 1344 151 1405 quta
177 1333 285 1397 curet,
313 1332 345 1383 et
370 1320 551 1385 domesticis
580 1318 752 1400 prospiciat
776 1321 917 1384 rebus?·
937 1322 1011 1405 Ego
1037 1345 1108 1406 quaa
1156 1346 1165 1365 ¹

79 1423 328 1498 minuunt-alise,
348 1421 441 1495 auxi,
462 1441 598 1505 quaeque
615 1422 753 1502 perdunt
768 1422 849 1498 aliae,
871 1420 1014 1485 servavi..
1045 1423 1109 1488 Hic

82 1535 117 1585 ut
154 1521 344 1600 lacrymabat
377 1521 508 1598 callida,
548 1521 696 1600 lacrymas
730 1520 866 1583 extorsit
900 1521 1017 1585 misero
1046 1522 1106 1600 illi,

79 1635 199 1693 tontum
220 1620 338 1696 atatim,
365 1619 513 1684 fraudem
537 1631 571 1683 ut
591 1621 731 1683 sentiret.

511 1719 682 1787 Hutten.

158 1819 213 1885 llla
232 1818 404 1896 animtalis
422 1840 490 1884 non
509 1818 591 1899 tuit?

513 1919 679 1988 Febris.

155 2020 266 2085 Dicam
286 2021 398 2106 qualis.
434 2021 555 2088 Decem
573 2019 707 2084 habebat
725 2027 880 2087 amatores
893 2022 970 2091 alios
990 2020 1034 2086 ita
1053 2042 1107 2098 oe·

79 2122 181 2197 culte,
216 2133 251 2183 ut
278 2143 344 2184 non
372 2122 469 2184 semel
498 2121 560 2189 uni,
581 2140 691 2183 omnes
717 2140 813 2185 eoenao
840 2123 1021 2200 adhiberet,
1052 2142 1108 2185 co·

78 2223 173 2303 gebat
192 2242 328 2304 namque
348 2221 454 2297 illum,
486 2221 612 2304 quoties
636 2223 749 2298 vellet,
778 2221 819 2287 ad
845 2243 1036 2299 sevocare,
1064 2222 1107 2285 dn

78 2322 145 2385 aliis
164 2322 220 2383 alia
240 2321 423 2403 predicans.
463 2320 611 2385 Sciebant
627 2333 732 2384 autem
753 2322 885 2396 fidibus,
906 2333 937 2385 et
959 2321 1035 2386 tibia
1056 2342 1107 2384 ca-

77 2424 213 2498 nebant,
249 2442 284 2483 ac
309 2443 420 2484 versus
448 2420 623 2496 iaciebant,
653 2421 798 2486 nonnulli
826 2424 987 2485 saltatores
1012 2421 1108 2504 periti

78 2533 187 2596 orant,
209 2521 260 2584 alii
285 2519 376 2600 jocos
398 2519 645 2597 concinnabant,
668 2519 844 2585 necessaria
864 2540 972 2584 omnes
997 2540 1107 2604 opera·

78 2622 178 2702 Quod
197 2620 224 2683 si
251 2640 318 2682 non
343 2618 444 2703 perite
467 2619 560 2683 etiam
582 2620 702 2684 laceret
723 2622 860 2685 officium
883 2620 1015 2707 aliquis,
1036 2620 1106 2703 ejus

80 2733 184 2783 tamen
213 2721 485 2786 commendatione
515 2720 701 2802 proficiebat
713 2748 725 2799 ·,
771 2742 845 2785 cum
877 2741 942 2786 uon
972 2723 1108 2784 semela

80 2821 198 2906 quibus
235 2822 417 2905 longissime
454 2823 578 2885 abesset
607 2819 699 2904 quis,
727 2839 765 2881 ea
794 2820 967 2883 rectissime
992 2821 1108 2887 callere

78 2923 165 2984 illum
184 2923 407 3003 persuadendo
429 2922 598 2986 obtineret.
644 2918 794 3003 Denique
814 2918 897 2983 utilis
918 2932 1003 2996 erat,
1034 2919 1109 2983 huic

79 3022 223 3106 quisquis
245 3023 398 3103 placebat.
437 3023 584 3085 Habebat
608 3022 666 3083 hos
694 3039 774 3082 vero
803 3015 1014 3101 inaequaliter,
1034 3039 1108 3082 uam

78 3123 116 3184 ab
143 3122 209 3185 aliis
237 3121 426 3210 accipiebat,
467 3122 533 3184 aliis
558 3121 627 3202 ipsa
654 3119 767 3195 dabat,
797 3111 926 3186 domurn
947 3118 1108 3200 praecipua

78 3222 296 3287 exhauriebat.

515 3320 548 3385 H
555 3332 679 3387 utten.

154 3422 216 3485 Hic
240 3433 326 3499 erat,
347 3430 384 3485 ut
401 3420 517 3498 video,
545 3422 702 3485 secundus
720 3415 852 3484 miserie
870 3416 999 3502 gradus.

513 3521 678 3588 Febris.

157 3619 319 3703 Siquidem
335 3618 462 3685 miseria
480 3631 528 3686 est
545 3634 678 3685 externa
696 3618 837 3683 amittere
854 3615 950 3681 bona.
987 3612 1105 3701 Dispo-

79 3712 171 3783 liabat
194 3723 279 3782 hunc
307 3721 358 3784 illa
376 3723 490 3786 misere
509 3721 618 3794 tinum
638 3728 827 3802 exportans,
860 3726 892 3781 et
910 3717 1105 3785 stramentum

67 3842 140 3915 pro
167 3818 256 3883 libito
286 3820 473 3898 dimetiens,
504 3821 703 3904 habebatque
728 3819 857 3884 domum
883 3814 917 3879 iu
937 3816 1103 3893 suburbio,

80 3942 146 4006 quo
172 3920 390 4002 comportabat
405 3943 470 4003 ¹es,
501 3940 571 4006 quas
600 3920 769 3984 mlscrvare
792 3917 926 4002 placuit,
958 3929 990 3979 et
1009 3935 1105 3980 anum

78 4021 126 4084 rei
145 4012 302 4085 amatoriae
325 4023 457 4105 peritam
476 4022 612 4101 eximie,
643 4017 714 4103 ejus
732 4017 899 4101 provincia
917 4017 979 4082 fuit
998 4018 1105 4082 conci»

77 4121 154 4185 liare
174 4143 278 4185 novos
290 4107 426 4186 subinde
443 4141 581 4201 amores,
603 4131 639 4186 ut
652 4117 916 4185 formosissimum
932 4137 1104 4204 quemque,

80 4232 133 4284 aut
156 4221 322 4306 insigniter
348 4226 555 4308 locupletem,
583 4218 803 4306 peregrinum,
829 4219 898 4285 aive
914 4230 1105 4306 popularem

80 4333 197 4386 nosset.

116 4457 188 4513 itata
210 4464 258 4525 ορ.
276 4460 303 4512 r.
321 4461 365 4527 tp,
769 4430 815 4501 2⁶
