2632 5086
359 728 364 736 ¹
394 728 448 814 'ad
473 716 624 814 Petrum
648 741 695 812 de
720 690 862 814 Auseae.
937 717 939 723 λ
1102 746 1170 825 183

146 935 286 997 deenen
307 943 373 1009 est,
393 954 466 994 eum
486 933 649 996 offendere
668 931 744 996 nihil
760 933 878 1010 refert,
904 933 960 1018 qui
979 945 1080 998 tantas
1097 937 1173 1000 ami·

144 1035 247 1110 citias,
282 1044 399 1095 tantam
417 1033 702 1117 propinquitatem,
735 1045 783 1096 tot
807 1034 932 1110 affines,
964 1045 1012 1096 tot
1031 1035 1171 1113 clientes,

143 1147 238 1219 atque
265 1136 348 1196 adeo
375 1135 452 1197 iliud
477 1133 662 1197 immensum
690 1133 793 1196 foedus
814 1133 870 1216 qui
891 1146 966 1215 post
992 1156 1027 1197 se
1053 1134 1199 1225 nahita

142 1237 191 1298 Sic
210 1246 247 1297 tu
262 1234 416 1297 invidiam
431 1245 596 1315 potentum
612 1235 720 1319 fugis?
752 1236 803 1299 Sic
818 1235 872 1311 iis,
894 1236 1011 1318 qubus
1026 1237 1108 1301 fidus
1124 1258 1170 1314 es,

142 1336 310 1397 considis?
348 1337 424 1397 Haec
443 1335 611 1415 prudentia
631 1346 685 1397 tua
706 1348 768 1409 est,
801 1357 864 1418 qua
890 1356 984 1398 caves
1010 1337 1172 1418 pericula?

141 1435 328 1508 consitium,
360 1456 426 1517 quo
450 1435 566 1498 avertis
587 1437 690 1497 maia?
731 1435 817 1516 Quin
838 1438 914 1501 illud
934 1439 1043 1515 vides,
1078 1460 1173 1524 quam

141 1536 258 1598 nonsit
272 1537 334 1597 hoc
349 1535 497 1596 invidiam
512 1535 641 1617 sugere,
660 1536 717 1599 sed
734 1536 842 1599 odium
858 1539 1037 1621 conciliare,
1053 1551 1085 1601 et
1096 1541 1173 1606 dum

142 1658 254 1698 vanam
272 1637 342 1698 sine
359 1636 479 1698 viribus
494 1636 571 1698 iram
588 1637 717 1712 metuis,
739 1657 833 1719 cpiam
851 1639 976 1701 interim
991 1641 1173 1719 potentiam,

143 1759 221 1821 quas
243 1737 349 1810 vires,
369 1758 438 1819 quae
454 1736 628 1799 Germaniae
645 1738 764 1798 robora
782 1750 940 1801 commota
955 1740 1085 1814 reddas,
1107 1762 1173 1824 quo
1213 1804 1216 1809 ,

143 1860 208 1902 non
225 1839 354 1899 invidiae
370 1837 448 1917 jam,
468 1839 525 1901 sed
543 1860 608 1921 quo
629 1837 815 1900 discriminis
832 1838 924 1901 ctiam
940 1839 1078 1903 adducas
1095 1862 1168 1904 eum

143 1940 193 2003 eui
223 1940 272 2002 sic
300 1941 481 2019 importune
508 1938 655 2001 consutis.
706 1940 807 2021 Atqui
832 1943 998 2003 consulere
1022 1962 1089 2003 non
1115 1952 1173 2020 est,

142 2041 283 2102 reddere
312 2038 527 2113 irnidiosum,
560 2040 666 2101 facere
697 2040 873 2102 obnoxium
904 2040 1003 2116 odio,
1041 2034 1174 2106 onerare

144 2139 329 2203 inimicitiis.
375 2139 553 2202 Consedere
573 2161 638 2200 non
658 2152 724 2212 est,
760 2139 786 2202 si
808 2138 900 2220 cujus
920 2141 1049 2203 nomine
1069 2145 1175 2206 valen·
1217 2212 1224 2230 ,

144 2242 221 2304 tium
237 2242 415 2302 ‘hominnm
441 2240 613 2320 potentiam
646 2239 770 2313 irrites,
805 2239 1015 2302 irdensionem
1043 2264 1173 2324 quaeras,

144 2341 260 2403 betium
276 2341 408 2400 excites.
440 2341 554 2420 Neque
563 2342 592 2413 *)
608 2340 662 2401 tibi
679 2352 726 2402 est
736 2342 814 2415 hoc,
835 2341 979 2422 inquam,
997 2336 1175 2418 constitere,
1227 2406 1231 2411 ,

149 2462 251 2524 neque
281 2439 344 2511 itti;
383 2441 438 2501 scd
465 2440 520 2500 tibi
545 2440 695 2522 imprimis
723 2439 946 2521 perniciosum.
992 2442 1116 2503 Verum
1126 2440 1176 2519 ⁰⁸¹)

150 2553 193 2604 est
218 2541 304 2604 enim
334 2551 426 2601 vetus
453 2540 621 2620 adagium,
657 2551 776 2604 naulum
805 2551 973 2609 consilium
1001 2550 1177 2607 consultori
1248 2543 1250 2546 ⁸

129 2689 132 2700 .
145 2654 329 2723 pessimum.
367 2640 463 2721 Quod
488 2640 526 2700 ad
552 2638 637 2703 iilum
662 2641 815 2720 pertinet,
848 2645 939 2706 valde
966 2641 1177 2707 conveniebat

147 2755 177 2805 te
195 2743 330 2815 videre,
365 2739 443 2821 quid
468 2741 616 2802 suaderes
644 2741 692 2815 ei,
722 2743 775 2804 cui
800 2735 855 2803 sic*
873 2744 1033 2806 obnoxius
1061 2764 1112 2818 es,
1140 2754 1177 2805 ut

147 2845 266 2925 optima
286 2841 425 2915 debeas,
455 2841 572 2922 quidve
594 2863 652 2919 pro
674 2862 714 2902 eo
733 2842 849 2916 facias,
878 2843 933 2925 qui
953 2865 1012 2922 pro
1034 2843 1177 2924 periculo

147 2945 239 3007 decet
260 2942 349 3003 adire
369 2952 417 3014 te,
438 2961 503 3001 non
523 2940 614 3022 qumi
636 2962 676 3000 ex
698 2964 733 3002 rc
753 2945 812 3003 hoe
832 2940 931 3019 ipsius
952 2944 1068 3015 fuerit,
1095 2942 1178 3023 peri·

147 3038 255 3107 cutum
268 3042 299 3104 ci
314 3063 486 3103 accersere.
519 3044 603 3122 Quin
617 3045 725 3116 etiam,
737 3053 771 3102 nt
785 3043 894 3103 videas
908 3041 1007 3124 quatis
1025 3062 1088 3124 ego
1101 3061 1178 3103 con·

148 3149 250 3208 sultor
276 3144 353 3217 sim,
386 3153 416 3205 et
443 3163 535 3225 qnam
562 3165 627 3203 non
653 3143 830 3224 permittam
857 3153 888 3202 te
909 3141 941 3201 in
961 3162 1105 3204 errorem
1125 3142 1179 3204 ed·

150 3247 269 3308 ducere
289 3264 377 3317 eum,
398 3244 450 3303 cui
471 3242 563 3305 etiam
576 3264 626 3304 mc
643 3243 808 3304 consilinm
828 3242 903 3303 dare
925 3243 1094 3321 perdecet,
1114 3240 1179 3323 pri·

83 3352 87 3427 ζ
153 3351 254 3421 mum,
277 3342 352 3427 qnia
372 3343 568 3405 Francorum
581 3344 754 3424 principem
769 3364 924 3424 agnosco,
944 3343 1080 3419 deinde,
1102 3342 1178 3426 quia

88 3436 93 3447 ¹
152 3467 214 3508 nen
237 3455 383 3508 extrema
411 3444 562 3506 affinitatis
588 3444 670 3508 linea
699 3445 801 3520 iilum,
838 3455 1102 3526 quantuscunque
1121 3455 1179 3521 est,

153 3546 283 3621 attingo.
322 3545 414 3606 Adeo
431 3554 466 3603 ut
488 3555 591 3605 tecum
609 3546 876 3627 expostulandum
895 3565 911 3604 a
930 3565 979 3606 me
995 3544 1117 3619 veniat,
1140 3544 1180 3607 de

152 3660 206 3712 tuo
230 3649 335 3719 facto,
356 3647 405 3705 vet
425 3646 550 3707 alterius
572 3645 717 3720 nomine,
738 3646 789 3707 dio
809 3644 883 3707 mihi
904 3666 970 3728 quo
990 3646 1073 3726 rapis
1091 3644 1181 3723 pien-

153 3752 306 3812 tissimum
331 3746 534 3829 episcopum,
562 3748 764 3809 innocentem
779 3748 974 3809 Francorum
995 3743 1183 3809 dominum?

157 3853 228 3929 Quo
255 3849 339 3931 rapis
364 3851 485 3911 affinem
504 3869 608 3911 metim
632 3848 831 3929 principem?
870 3848 938 3912 Cur
958 3849 991 3908 in
1013 3845 1181 3909 discrimen

161 3950 308 4013 abducis?
349 3949 417 4014 Cur
445 3948 494 4024 ei,
527 3949 582 4032 qui
613 3949 733 4011 otiosus
763 3970 831 4010 esse
863 3960 987 4029 potest,
1015 3945 1181 4029 negotium

159 4049 311 4115 facessis?
330 4072 390 4114 cur
409 4050 458 4126 ei,
479 4048 534 4133 qui
554 4049 756 4131 tranquillum
774 4051 885 4124 habet,
906 4059 1123 4128 tempestatem
1135 4044 1183 4107 in·

160 4154 271 4218 ducis?
311 4152 382 4217 Cur
402 4151 498 4215 rebus
524 4148 603 4214 mire
623 4149 759 4233 placitis,
787 4164 820 4214 et
845 4148 1028 4230 compositis
1047 4160 1083 4213 tu
1100 4144 1183 4211 sedi-

160 4277 353 4292 -Ἀ

191 4361 222 4430 ’)
240 4371 266 4416 Ν
272 4385 281 4413 .·
304 4381 328 4415 1.
363 4358 408 4425 ”)
431 4369 538 4412 Vtrum:
558 4374 648 4409 vetum.
