2632 5086
546 410 557 431 N

401 713 448 786 sd
471 711 661 788 Albertnm
684 712 843 811 Princip.
858 712 928 788 bb.
1060 772 1071 783 .
1109 722 1179 790 315

137 904 275 967 :Licinii
295 901 444 968 Cceinnre
463 918 602 987 patrem,
629 924 760 971 eumne
779 910 943 987 pepereris
970 928 1067 970 sueen
1086 907 1181 969 inter-

151 1008 276 1068 imeret.
316 1007 384 1067 Nec
402 1008 444 1068 ita
462 1008 494 1067 in
510 1007 628 1088 patibili
646 1007 746 1070 luisse
761 1009 941 1071 ualetudine
959 1008 1037 1070 elios
1052 1008 1107 1089 qui
1121 1010 1181 1069 boc

152 1106 238 1169 idem
254 1104 448 1169 factitarunt.
481 1105 584 1187 ,certe
601 1107 686 1169 enim
703 1109 768 1169 lnec
788 1110 851 1171 lues
874 1112 924 1170 vel
945 1112 1012 1171 sola
1031 1108 1181 1179 inditate,

152 1209 272 1270 nedum
291 1207 497 1282 cruciatibus,
518 1208 575 1290 qni
595 1228 692 1288 super
713 1228 820 1269 omues
843 1209 984 1269 immensi
1003 1219 1089 1281 sunt,
1110 1208 1181 1269 vite

151 1307 260 1370 odium
281 1307 414 1390 gignere
439 1309 522 1389 potis
541 1322 599 1371 est.
637 1308 813 1389 Speusippo
840 1292 1029 1390 philosopho
1048 1308 1180 1386 paralysi

139 1408 198 1468 -snl
212 1407 466 1488 desperationem
489 1426 593 1490 usque
619 1411 774 1470 convulso
801 1412 896 1486 olim,
925 1430 995 1471 cum
1015 1410 1181 1471 velleretur

152 1509 282 1571 obviam
308 1507 467 1590 Diogeni,
499 1519 595 1592 etque
621 1507 665 1570 illi
693 1510 778 1570 salve
808 1510 947 1583 diceret,
978 1508 1181 1588 respondisse

141 1592 333 1689 'Diogenem
347 1607 471 1680 lerunt,
486 1618 525 1668 tu
543 1628 669 1690 quoque
686 1616 882 1691 nequequam
897 1610 1001 1689 selue,
1022 1608 1076 1689 qui
1096 1607 1182 1684 ejus-

150 1702 239 1771 modi
258 1707 409 1783 cumeis,
431 1708 540 1770 rivere
561 1708 709 1770 sustines.
752 1709 837 1771 ldem
858 1709 908 1771 ille
928 1709 974 1771 sic
991 1707 1095 1789 rigide
1113 1707 1181 1788 plri-

152 1808 313 1887 losopben'
325 1808 463 1882 solitus,
496 1807 573 1890 qnid
593 1809 724 1871 dixisset
737 1806 794 1872 ¹ine
814 1807 1031 1888 conspicatus,
1058 1827 1129 1869 rum
1149 1817 1180 1869 ct

152 1908 271 1989 pariter
287 1908 363 1983 illis,
384 1909 439 1991 qui
460 1907 593 1988 paralysi
608 1919 757 1981 tenentur
775 1908 953 1983 cruciarer,
972 1923 1004 1970 ct
1025 1911 1063 1969 itu
1081 1927 1180 1973 essem

152 2022 336 2087 aspectare
355 2011 457 2071 odore
476 2008 601 2083 soedus,
621 2018 657 2068 ut
677 2008 822 2070 omnibus
842 2027 945 2070 essem
965 2009 1090 2087 gravis,
1110 2008 1180 2090 qui·

151 2093 281 2169 busdam
301 2108 376 2169 odio
397 2109 508 2182 etium,
524 2106 672 2171 rivebnrn
691 2119 807 2183 nmen,
827 2110 978 2170 nonnulle
995 2109 1094 2172 nrlhuc
1110 2130 1192 2193 spe,

150 2228 330 2291 qrrenquem
351 2208 445 2272 toties
476 2207 659 2281 frustratus,
688 2209 861 2286 magnificis
888 2208 1084 2270 medicorum
1105 2230 1180 2289 prn-

149 2306 260 2369 missis.
298 2311 341 2369 Et
355 2328 397 2369 ne
417 2308 490 2390 quis
509 2328 572 2368 una
592 2307 695 2390 eliqua
718 2320 807 2388 purte
826 2304 993 2389 egrotasse
1012 2330 1062 2370 me
1079 2320 1178 2389 putet,

148 2419 202 2469 ant
221 2409 350 2483 leviter,
383 2410 483 2470 dienm
504 2418 537 2468 ut
562 2408 691 2469 allectus
715 2409 840 2470 luerim.
879 2409 1023 2470 Primum
1050 2408 1177 2472 sinistro

147 2509 231 2588 pede
246 2528 333 2570 erum
347 2507 460 2570 inutilis
479 2505 559 2587 jam,
580 2510 716 2573 haerente
731 2507 773 2568 ibi
785 2510 938 2589 octuplus
951 2507 1039 2570 sititis
1052 2506 1178 2584 morbo,

148 2606 229 2668 etin
251 2607 353 2668 media
372 2607 501 2689 quidem
515 2606 606 2683 tibia,
626 2627 687 2690 qua
707 2619 796 2686 pnrte
814 2607 995 2672 tenuissimo
1014 2608 1100 2670 crrrri
1121 2607 1179 2671 ob·

147 2703 278 2768 slireitur
297 2725 389 2780 earo,
421 2708 524 2781 ulcere
544 2719 633 2771 erant
652 2727 722 2769 curn
747 2706 910 2773 inflatione
930 2707 1032 2770 euntis
1057 2707 1178 2783 iollam·

149 2816 251 2880 mats,
277 2806 504 2886 putrescentis,
531 2807 653 2890 ingenti
680 2826 752 2868 cum
777 2808 906 2883 dolore,
937 2819 969 2868 et
996 2806 1178 2886 hujusmodi

149 2918 182 2969 ut
200 2926 266 2968 nno
285 2914 483 2982 senescente,
513 2918 694 2989 erumperet
708 2906 812 2973 s'tntim
832 2906 927 2970 eliud.
970 2895 1071 2971 Erunt
1093 2908 1179 2969 enim

146 3009 309 3089 complura
336 3007 468 3086 sparsim
493 3028 553 3070 nec
577 3028 640 3089 ope
659 3000 858 3070 medicorum
880 3007 952 3071 lieri
971 3018 1114 3095 poterat,
1144 3006 1178 3069 in

144 3130 245 3171 unum
271 3106 435 3169 omniunt
458 3107 691 3189 redigerentur.
730 3110 831 3188 Supm
850 3102 888 3169 c'a
916 3108 1008 3168 tuber
1029 3107 1112 3180 erut,
1141 3117 1178 3167 ut

146 3229 183 3271 ns
202 3209 388 3271 crederetur
415 3206 457 3269 its
482 3206 688 3283 induratum,
706 3226 739 3270 et
758 3208 790 3269 in
809 3229 851 3271 eo
868 3228 1072 3290 suppungens
1099 3203 1178 3271 etna

145 3308 410 3371 intermissionem
429 3308 523 3370 dolor
545 3308 732 3382 immensus,
759 3308 962 3381 immodicus,
993 3306 1052 3369 fnit
1072 3318 1104 3369 et
1123 3328 1176 3369 sn·

143 3427 205 3487 pra
229 3408 375 3472 dextnrm
398 3407 544 3488 proxime
571 3411 666 3471 telum
692 3388 857 3483 collectio,
892 3421 925 3470 et
949 3409 1016 3489 ipse
1042 3407 1074 3468 iu
1094 3408 1174 3470 ossis

147 3506 276 3570 modum
291 3507 386 3584 (lurra,
416 3531 458 3571 ex
480 3509 616 3572 recentis
637 3507 711 3570 olim
732 3507 835 3571 morbi
861 3508 1002 3591 reliquiis
1031 3508 1176 3569 vetustis·

149 3605 237 3667 sime.
275 3608 363 3669 Hanc
388 3607 463 3671 mihi
490 3609 600 3685 lerro,
625 3610 704 3671 banc
723 3607 789 3691 igni
810 3618 842 3669 et
861 3606 1007 3669 caristieis
1029 3608 1175 3669 omnibns

147 3705 310 3785 adoperire
323 3728 394 3770 cnm
411 3707 598 3771 molirentur
616 3708 748 3782 medici,
775 3706 854 3769 nihil
870 3707 1082 3789 profecerunt.
1121 3707 1175 3769 llln

146 3816 250 3868 autem
269 3809 364 3877 ruodo
391 3811 596 3870 vehementer
622 3807 862 3883 intumescebat,
891 3828 927 3870 sc
951 3827 1072 3871 summo
1101 3825 1174 3868 erum

143 3906 273 3984 dolore,
299 3909 398 3971 morlo
424 3908 581 3970 residebat
605 3906 730 3985 mitior,
771 3909 962 3991 dolebattpre
988 3906 1088 3968 minus
1108 3906 1173 3985 igni

141 4006 270 4070 admoto
286 4009 385 4087 pede,
405 4029 465 4071 nec
482 4008 629 4072 sustinuit
642 4024 745 4071 tumen
760 4007 921 4089 multiplici
932 4018 1020 4068 veste
1033 4007 1172 4091 contegi.

139 4108 192 4169 Eo
219 4109 327 4172 fluxus
354 4121 422 4171 erut
450 4111 638 4182 vehemens,
670 4125 702 4171 et
728 4108 784 4191 qui
808 4090 1062 4185 irresliuguibilis
1081 4109 1173 4187 plone

138 4206 315 4271 uideretur.
354 4210 404 4271 Ac
423 4209 550 4292 quoties
568 4209 641 4291 p'edi
658 4208 854 4283 insisterem,
873 4202 986 4271 doloie
1006 4202 1171 4281 efficiebar,

139 4304 362 4386 impatibiliter.
401 4309 528 4373 Deinde
547 4309 695 4391 superius
707 4328 790 4371 coxa
807 4318 839 4370 et
852 4326 939 4391 genu
951 4306 1078 4389 penitus
1095 4326 1172 4367 con·
