<?xml version="1.0" encoding="UTF-8"?>
<!DOCTYPE html PUBLIC "-//W3C//DTD XHTML 1.0 Transitional//EN"
    "http://www.w3.org/TR/xhtml1/DTD/xhtml1-transitional.dtd">
<html xmlns="http://www.w3.org/1999/xhtml" xml:lang="en" lang="en">
 <head>
  <title>
</title>
<meta http-equiv="Content-Type" content="text/html;charset=utf-8" />
  <meta name='ocr-system' content='tesseract 3.04.00' />
  <meta name='ocr-capabilities' content='ocr_page ocr_carea ocr_par ocr_line ocrx_word'/>
</head>
<body>
  <div class='ocr_page' id='page_1' title='image "./ulrichiabhutten02mngoog_0288.png"; bbox 0 0 2632 5086; ppageno 0'>
   <div class='ocr_carea' id='block_1_1' title="bbox 215 811 952 919">
    <p class='ocr_par' dir='ltr' id='par_1_1' title="bbox 215 811 952 919">
     <span class='ocr_line' id='line_1_1' title="bbox 215 811 952 919; baseline -0.008 -18"><span class='ocrx_word' id='word_1_1' title='bbox 215 828 289 904; x_wconf 82' lang='lat' dir='ltr'><strong>eta</strong></span> <span class='ocrx_word' id='word_1_2' title='bbox 505 811 567 901; x_wconf 77' lang='lat' dir='ltr'><strong>tte</strong></span> <span class='ocrx_word' id='word_1_3' title='bbox 591 818 744 919; x_wconf 76' lang='lat' dir='ltr'><strong>Guajaei</strong></span> <span class='ocrx_word' id='word_1_4' title='bbox 767 815 952 902; x_wconf 76' lang='lat' dir='ltr'><strong>nedieim</strong></span> 
     </span>
    </p>
   </div>
   <div class='ocr_carea' id='block_1_2' title="bbox 216 1006 1247 1405">
    <p class='ocr_par' dir='ltr' id='par_1_2' title="bbox 216 1006 1247 1405">
     <span class='ocr_line' id='line_1_2' title="bbox 218 1006 1246 1101; baseline -0.006 -22"><span class='ocrx_word' id='word_1_5' title='bbox 218 1026 341 1101; x_wconf 84' lang='lat' dir='ltr'><strong>patrem</strong></span> <span class='ocrx_word' id='word_1_6' title='bbox 356 1011 599 1093; x_wconf 77' lang='lat' dir='ltr'><strong>sexagennriunr</strong></span> <span class='ocrx_word' id='word_1_7' title='bbox 611 1030 714 1092; x_wconf 77' lang='lat' dir='ltr'><strong>prope</strong></span> <span class='ocrx_word' id='word_1_8' title='bbox 729 1009 929 1072; x_wconf 81' lang='lat' dir='ltr'><strong>convaluisse</strong></span> <span class='ocrx_word' id='word_1_9' title='bbox 943 1006 1076 1088; x_wconf 77' lang='lat' dir='ltr'><strong>Guajaci</strong></span> <span class='ocrx_word' id='word_1_10' title='bbox 1089 1010 1246 1088; x_wconf 84' lang='lat' dir='ltr'><strong>remedio,</strong></span> 
     </span>
     <span class='ocr_line' id='line_1_3' title="bbox 217 1106 1247 1199; baseline -0.017 -18"><span class='ocrx_word' id='word_1_11' title='bbox 217 1116 294 1181; x_wconf 79' lang='lat' dir='ltr'><strong>ttiltil</strong></span> <span class='ocrx_word' id='word_1_12' title='bbox 313 1115 452 1199; x_wconf 80' lang='lat' dir='ltr'><strong>graviter</strong></span> <span class='ocrx_word' id='word_1_13' title='bbox 471 1114 644 1187; x_wconf 82' lang='lat' dir='ltr'><strong>ferentem,</strong></span> <span class='ocrx_word' id='word_1_14' title='bbox 666 1121 699 1180; x_wconf 86' lang='lat' dir='ltr'><strong>et</strong></span> <span class='ocrx_word' id='word_1_15' title='bbox 717 1108 832 1182; x_wconf 71' lang='lat' dir='ltr'><strong>dietam</strong></span> <span class='ocrx_word' id='word_1_16' title='bbox 851 1109 932 1186; x_wconf 61' lang='lat' dir='ltr'><strong>lianc</strong></span> <span class='ocrx_word' id='word_1_17' title='bbox 950 1106 1054 1192; x_wconf 81' lang='lat' dir='ltr'>rigide</span> <span class='ocrx_word' id='word_1_18' title='bbox 1072 1109 1247 1177; x_wconf 66' lang='lat' dir='ltr'><strong>ohservan.</strong></span> 
     </span>
     <span class='ocr_line' id='line_1_4' title="bbox 216 1207 1245 1299; baseline -0.017 -16"><span class='ocrx_word' id='word_1_19' title='bbox 216 1230 299 1292; x_wconf 86' lang='lat' dir='ltr'><strong>tem,</strong></span> <span class='ocrx_word' id='word_1_20' title='bbox 325 1236 398 1285; x_wconf 87' lang='lat' dir='ltr'><strong>cum</strong></span> <span class='ocrx_word' id='word_1_21' title='bbox 424 1216 513 1285; x_wconf 84' lang='lat' dir='ltr'><strong>nulle</strong></span> <span class='ocrx_word' id='word_1_22' title='bbox 531 1212 656 1278; x_wconf 79' lang='lat' dir='ltr'><strong>interim</strong></span> <span class='ocrx_word' id='word_1_23' title='bbox 679 1211 824 1274; x_wconf 87' lang='lat' dir='ltr'><strong>consulto</strong></span> <span class='ocrx_word' id='word_1_24' title='bbox 847 1207 991 1295; x_wconf 81' lang='lat' dir='ltr'><strong>medico,</strong></span> <span class='ocrx_word' id='word_1_25' title='bbox 1018 1230 1063 1283; x_wconf 75' lang='lat' dir='ltr'><strong>ue</strong></span> <span class='ocrx_word' id='word_1_26' title='bbox 1081 1210 1154 1284; x_wconf 79' lang='lat' dir='ltr'><strong>viso</strong></span> <span class='ocrx_word' id='word_1_27' title='bbox 1173 1213 1245 1299; x_wconf 79' lang='lat' dir='ltr'><strong>qui.</strong></span> 
     </span>
     <span class='ocr_line' id='line_1_5' title="bbox 217 1308 928 1405; baseline -0.01 -24"><span class='ocrx_word' id='word_1_28' title='bbox 217 1315 309 1394; x_wconf 76' lang='lat' dir='ltr'><strong>dem,</strong></span> <span class='ocrx_word' id='word_1_29' title='bbox 328 1314 407 1391; x_wconf 78' lang='lat' dir='ltr'><strong>meis</strong></span> <span class='ocrx_word' id='word_1_30' title='bbox 425 1325 545 1389; x_wconf 87' lang='lat' dir='ltr'><strong>tantum</strong></span> <span class='ocrx_word' id='word_1_31' title='bbox 566 1323 710 1387; x_wconf 86' lang='lat' dir='ltr'><strong>uteretur</strong></span> <span class='ocrx_word' id='word_1_32' title='bbox 728 1308 928 1405; x_wconf 71' lang='lat' dir='ltr'>praescriptis,</span> 
     </span>
    </p>
   </div>
   <div class='ocr_carea' id='block_1_3' title="bbox 614 1534 841 1567">
    <p class='ocr_par' dir='ltr' id='par_1_3' title="bbox 614 1534 841 1567">
     <span class='ocr_line' id='line_1_6' title="bbox 614 1534 841 1567; baseline -0.013 -1"><span class='ocrx_word' id='word_1_33' title='bbox 614 1534 841 1567; x_wconf 51' lang='lat' dir='ltr'><strong>m*</strong></span> 
     </span>
    </p>
   </div>
   <div class='ocr_carea' id='block_1_4' title="bbox 386 1697 1074 1948">
    <p class='ocr_par' dir='ltr' id='par_1_4' title="bbox 386 1697 1074 1948">
     <span class='ocr_line' id='line_1_7' title="bbox 609 1697 853 1766; baseline -0.012 0"><span class='ocrx_word' id='word_1_34' title='bbox 609 1699 721 1766; x_wconf 77' lang='lat' dir='ltr'><strong>Carus</strong></span> <span class='ocrx_word' id='word_1_35' title='bbox 759 1697 853 1763; x_wconf 83' lang='lat' dir='ltr'><strong>xllt.</strong></span> 
     </span>
     <span class='ocr_line' id='line_1_8' title="bbox 386 1846 1074 1948; baseline -0.006 -19"><span class='ocrx_word' id='word_1_36' title='bbox 386 1847 444 1930; x_wconf 75' lang='lat' dir='ltr'><strong>An</strong></span> <span class='ocrx_word' id='word_1_37' title='bbox 474 1848 628 1935; x_wconf 84' lang='lat' dir='ltr'><strong>ubilibet</strong></span> <span class='ocrx_word' id='word_1_38' title='bbox 659 1846 759 1921; x_wconf 87' lang='lat' dir='ltr'><strong>idem</strong></span> <span class='ocrx_word' id='word_1_39' title='bbox 789 1846 836 1921; x_wconf 86' lang='lat' dir='ltr'><strong>sit</strong></span> <span class='ocrx_word' id='word_1_40' title='bbox 869 1848 1074 1948; x_wconf 72' lang='lat' dir='ltr'><strong>ejunus</strong></span> 
     </span>
    </p>
   </div>
   <div class='ocr_carea' id='block_1_5' title="bbox 212 2015 1249 4515">
    <p class='ocr_par' dir='ltr' id='par_1_5' title="bbox 212 2015 1249 4515">
     <span class='ocr_line' id='line_1_9' title="bbox 291 2015 1244 2104; baseline -0.004 -21"><span class='ocrx_word' id='word_1_41' title='bbox 291 2020 344 2083; x_wconf 77' lang='lat' dir='ltr'><strong>Ad</strong></span> <span class='ocrx_word' id='word_1_42' title='bbox 362 2021 425 2084; x_wconf 87' lang='lat' dir='ltr'><strong>hoc</strong></span> <span class='ocrx_word' id='word_1_43' title='bbox 447 2018 553 2104; x_wconf 34' lang='lat' dir='ltr'><strong>queri,</strong></span> <span class='ocrx_word' id='word_1_44' title='bbox 566 2015 629 2098; x_wconf 75' lang='lat' dir='ltr'><strong>jana</strong></span> <span class='ocrx_word' id='word_1_45' title='bbox 657 2015 743 2092; x_wconf 82' lang='lat' dir='ltr'><strong>seio,</strong></span> <span class='ocrx_word' id='word_1_46' title='bbox 768 2016 964 2081; x_wconf 75' lang='lat' dir='ltr'><strong>credendum</strong></span> <span class='ocrx_word' id='word_1_47' title='bbox 983 2036 1026 2081; x_wconf 87' lang='lat' dir='ltr'><strong>ne</strong></span> <span class='ocrx_word' id='word_1_48' title='bbox 1044 2017 1099 2093; x_wconf 82' lang='lat' dir='ltr'><strong>ait,</strong></span> <span class='ocrx_word' id='word_1_49' title='bbox 1120 2015 1244 2098; x_wconf 74' lang='lat' dir='ltr'><strong>ubimae</strong></span> 
     </span>
     <span class='ocr_line' id='line_1_10' title="bbox 216 2112 1243 2200; baseline -0.003 -18"><span class='ocrx_word' id='word_1_50' title='bbox 216 2118 354 2183; x_wconf 76' lang='lat' dir='ltr'><strong>senten</strong></span> <span class='ocrx_word' id='word_1_51' title='bbox 380 2138 452 2186; x_wconf 85' lang='lat' dir='ltr'><strong>csse</strong></span> <span class='ocrx_word' id='word_1_52' title='bbox 471 2112 615 2197; x_wconf 76' lang='lat' dir='ltr'><strong>&#39;Guajaci</strong></span> <span class='ocrx_word' id='word_1_53' title='bbox 640 2136 750 2192; x_wconf 88' lang='lat' dir='ltr'><strong>usum,</strong></span> <span class='ocrx_word' id='word_1_54' title='bbox 783 2127 879 2200; x_wconf 83' lang='lat' dir='ltr'><strong>atque</strong></span> <span class='ocrx_word' id='word_1_55' title='bbox 908 2116 992 2181; x_wconf 80' lang='lat' dir='ltr'><strong>idern</strong></span> <span class='ocrx_word' id='word_1_56' title='bbox 1016 2115 1243 2197; x_wconf 75' lang='lat' dir='ltr'><strong>juvamentum.</strong></span> 
     </span>
     <span class='ocr_line' id='line_1_11' title="bbox 215 2215 1243 2296; baseline 0.003 -17"><span class='ocrx_word' id='word_1_57' title='bbox 215 2218 260 2292; x_wconf 71' lang='lat' dir='ltr'><strong>Et</strong></span> <span class='ocrx_word' id='word_1_58' title='bbox 275 2238 349 2285; x_wconf 89' lang='lat' dir='ltr'><strong>cum</strong></span> <span class='ocrx_word' id='word_1_59' title='bbox 366 2217 503 2290; x_wconf 78' lang='lat' dir='ltr'><strong>maxime</strong></span> <span class='ocrx_word' id='word_1_60' title='bbox 522 2228 655 2281; x_wconf 82' lang='lat' dir='ltr'><strong>externa</strong></span> <span class='ocrx_word' id='word_1_61' title='bbox 670 2216 793 2291; x_wconf 79' lang='lat' dir='ltr'><strong>rescit,</strong></span> <span class='ocrx_word' id='word_1_62' title='bbox 813 2237 853 2278; x_wconf 85' lang='lat' dir='ltr'><strong>an</strong></span> <span class='ocrx_word' id='word_1_63' title='bbox 871 2228 1001 2296; x_wconf 82' lang='lat' dir='ltr'><strong>putetur</strong></span> <span class='ocrx_word' id='word_1_64' title='bbox 1019 2216 1066 2279; x_wconf 86' lang='lat' dir='ltr'><strong>sic</strong></span> <span class='ocrx_word' id='word_1_65' title='bbox 1077 2215 1243 2282; x_wconf 83' lang='lat' dir='ltr'><strong>Germanis</strong></span> 
     </span>
     <span class='ocr_line' id='line_1_12' title="bbox 216 2314 1243 2397; baseline -0.005 -15"><span class='ocrx_word' id='word_1_66' title='bbox 216 2319 392 2382; x_wconf 86' lang='lat' dir='ltr'><strong>convenire</strong></span> <span class='ocrx_word' id='word_1_67' title='bbox 411 2329 448 2380; x_wconf 91' lang='lat' dir='ltr'><strong>ut</strong></span> <span class='ocrx_word' id='word_1_68' title='bbox 465 2315 632 2397; x_wconf 84' lang='lat' dir='ltr'><strong>Hispanis,</strong></span> <span class='ocrx_word' id='word_1_69' title='bbox 653 2327 686 2379; x_wconf 90' lang='lat' dir='ltr'><strong>et</strong></span> <span class='ocrx_word' id='word_1_70' title='bbox 707 2316 767 2385; x_wconf 88' lang='lat' dir='ltr'><strong>illia</strong></span> <span class='ocrx_word' id='word_1_71' title='bbox 784 2315 892 2384; x_wconf 84' lang='lat' dir='ltr'><strong>sobrie</strong></span> <span class='ocrx_word' id='word_1_72' title='bbox 906 2315 1088 2380; x_wconf 79' lang='lat' dir='ltr'><strong>viventibus</strong></span> <span class='ocrx_word' id='word_1_73' title='bbox 1104 2314 1243 2397; x_wconf 84' lang='lat' dir='ltr'><strong>populis,</strong></span> 
     </span>
     <span class='ocr_line' id='line_1_13' title="bbox 215 2415 1243 2502; baseline -0.004 -21"><span class='ocrx_word' id='word_1_74' title='bbox 215 2418 333 2482; x_wconf 79' lang='lat' dir='ltr'><strong>deinde</strong></span> <span class='ocrx_word' id='word_1_75' title='bbox 354 2419 519 2502; x_wconf 86' lang='lat' dir='ltr'><strong>quomodo</strong></span> <span class='ocrx_word' id='word_1_76' title='bbox 547 2416 689 2479; x_wconf 76' lang='lat' dir='ltr'><strong>ceteris?</strong></span> <span class='ocrx_word' id='word_1_77' title='bbox 725 2419 839 2500; x_wconf 83' lang='lat' dir='ltr'><strong>Neque</strong></span> <span class='ocrx_word' id='word_1_78' title='bbox 856 2416 941 2483; x_wconf 88' lang='lat' dir='ltr'><strong>enim</strong></span> <span class='ocrx_word' id='word_1_79' title='bbox 955 2416 1127 2479; x_wconf 72' lang='lat' dir='ltr'>dubitabile</span> <span class='ocrx_word' id='word_1_80' title='bbox 1141 2415 1243 2481; x_wconf 79' lang='lat' dir='ltr'><strong>videri</strong></span> 
     </span>
     <span class='ocr_line' id='line_1_14' title="bbox 216 2515 1245 2601; baseline -0.007 -18"><span class='ocrx_word' id='word_1_81' title='bbox 216 2519 327 2593; x_wconf 81' lang='lat' dir='ltr'><strong>debet,</strong></span> <span class='ocrx_word' id='word_1_82' title='bbox 356 2521 439 2589; x_wconf 85' lang='lat' dir='ltr'><strong>sicot</strong></span> <span class='ocrx_word' id='word_1_83' title='bbox 458 2518 491 2589; x_wconf 88' lang='lat' dir='ltr'><strong>in</strong></span> <span class='ocrx_word' id='word_1_84' title='bbox 510 2518 599 2591; x_wconf 82' lang='lat' dir='ltr'><strong>aliis,</strong></span> <span class='ocrx_word' id='word_1_85' title='bbox 631 2517 674 2581; x_wconf 77' lang='lat' dir='ltr'><strong>ita</strong></span> <span class='ocrx_word' id='word_1_86' title='bbox 693 2518 776 2583; x_wconf 87' lang='lat' dir='ltr'><strong>circa</strong></span> <span class='ocrx_word' id='word_1_87' title='bbox 804 2515 898 2598; x_wconf 79' lang='lat' dir='ltr'><strong>hujus</strong></span> <span class='ocrx_word' id='word_1_88' title='bbox 929 2537 1064 2601; x_wconf 85' lang='lat' dir='ltr'><strong>quoque</strong></span> <span class='ocrx_word' id='word_1_89' title='bbox 1081 2515 1245 2585; x_wconf 80' lang='lat' dir='ltr'><strong>medicinae</strong></span> 
     </span>
     <span class='ocr_line' id='line_1_15' title="bbox 217 2617 1246 2700; baseline -0.005 -17"><span class='ocrx_word' id='word_1_90' title='bbox 217 2618 538 2692; x_wconf 60' lang='lat' dir='ltr'><strong>ministrationem,</strong></span> <span class='ocrx_word' id='word_1_91' title='bbox 559 2617 694 2700; x_wconf 75' lang='lat' dir='ltr'><strong>aliquem</strong></span> <span class='ocrx_word' id='word_1_92' title='bbox 715 2620 823 2685; x_wconf 77' lang='lat' dir='ltr'><strong>heberi</strong></span> <span class='ocrx_word' id='word_1_93' title='bbox 844 2630 962 2682; x_wconf 76' lang='lat' dir='ltr'><strong>naturae</strong></span> <span class='ocrx_word' id='word_1_94' title='bbox 984 2620 1129 2681; x_wconf 87' lang='lat' dir='ltr'><strong>locorum</strong></span> <span class='ocrx_word' id='word_1_95' title='bbox 1148 2617 1246 2681; x_wconf 87' lang='lat' dir='ltr'><strong>ratio·</strong></span> 
     </span>
     <span class='ocr_line' id='line_1_16' title="bbox 214 2715 1246 2802; baseline -0.005 -19"><span class='ocrx_word' id='word_1_96' title='bbox 214 2738 289 2783; x_wconf 84' lang='lat' dir='ltr'><strong>nent</strong></span> <span class='ocrx_word' id='word_1_97' title='bbox 310 2728 471 2797; x_wconf 77' lang='lat' dir='ltr'><strong>oportere.</strong></span> <span class='ocrx_word' id='word_1_98' title='bbox 509 2718 590 2779; x_wconf 84' lang='lat' dir='ltr'><strong>Nem</strong></span> <span class='ocrx_word' id='word_1_99' title='bbox 610 2729 645 2781; x_wconf 89' lang='lat' dir='ltr'><strong>ut</strong></span> <span class='ocrx_word' id='word_1_100' title='bbox 665 2719 739 2789; x_wconf 84' lang='lat' dir='ltr'><strong>anni</strong></span> <span class='ocrx_word' id='word_1_101' title='bbox 756 2730 897 2800; x_wconf 87' lang='lat' dir='ltr'><strong>tempus,</strong></span> <span class='ocrx_word' id='word_1_102' title='bbox 918 2717 1008 2802; x_wconf 88' lang='lat' dir='ltr'><strong>quod</strong></span> <span class='ocrx_word' id='word_1_103' title='bbox 1027 2716 1085 2793; x_wconf 88' lang='lat' dir='ltr'><strong>sit,</strong></span> <span class='ocrx_word' id='word_1_104' title='bbox 1105 2715 1246 2779; x_wconf 83' lang='lat' dir='ltr'><strong>animad-</strong></span> 
     </span>
     <span class='ocr_line' id='line_1_17' title="bbox 214 2812 1245 2894; baseline 0.003 -18"><span class='ocrx_word' id='word_1_105' title='bbox 214 2816 404 2892; x_wconf 75' lang='lat' dir='ltr'><strong>vertendum</strong></span> <span class='ocrx_word' id='word_1_106' title='bbox 426 2815 470 2879; x_wconf 90' lang='lat' dir='ltr'><strong>ibi</strong></span> <span class='ocrx_word' id='word_1_107' title='bbox 488 2827 555 2894; x_wconf 87' lang='lat' dir='ltr'><strong>cst,</strong></span> <span class='ocrx_word' id='word_1_108' title='bbox 584 2821 625 2881; x_wconf 81' lang='lat' dir='ltr'><strong>ite</strong></span> <span class='ocrx_word' id='word_1_109' title='bbox 643 2820 707 2881; x_wconf 82' lang='lat' dir='ltr'><strong>caeli</strong></span> <span class='ocrx_word' id='word_1_110' title='bbox 729 2812 995 2883; x_wconf 77' lang='lat' dir='ltr'><strong>considerandum</strong></span> <span class='ocrx_word' id='word_1_111' title='bbox 1019 2836 1090 2882; x_wconf 89' lang='lat' dir='ltr'><strong>esse</strong></span> <span class='ocrx_word' id='word_1_112' title='bbox 1110 2827 1245 2882; x_wconf 70' lang='lat' dir='ltr'><strong>tractum</strong></span> 
     </span>
     <span class='ocr_line' id='line_1_18' title="bbox 214 2916 1245 2999; baseline 0 -16"><span class='ocrx_word' id='word_1_113' title='bbox 214 2916 359 2992; x_wconf 73' lang='lat' dir='ltr'><strong>ndeuu,</strong></span> <span class='ocrx_word' id='word_1_114' title='bbox 374 2937 446 2980; x_wconf 87' lang='lat' dir='ltr'><strong>cum</strong></span> <span class='ocrx_word' id='word_1_115' title='bbox 462 2917 505 2981; x_wconf 83' lang='lat' dir='ltr'><strong>oh</strong></span> <span class='ocrx_word' id='word_1_116' title='bbox 522 2918 596 2982; x_wconf 77' lang='lat' dir='ltr'><strong>elias</strong></span> <span class='ocrx_word' id='word_1_117' title='bbox 609 2920 748 2983; x_wconf 89' lang='lat' dir='ltr'><strong>rationes</strong></span> <span class='ocrx_word' id='word_1_118' title='bbox 765 2920 960 2999; x_wconf 81' lang='lat' dir='ltr'><strong>complures,</strong></span> <span class='ocrx_word' id='word_1_119' title='bbox 976 2927 1044 2982; x_wconf 81' lang='lat' dir='ltr'><strong>tum</strong></span> <span class='ocrx_word' id='word_1_120' title='bbox 1056 2938 1137 2985; x_wconf 84' lang='lat' dir='ltr'><strong>vero</strong></span> <span class='ocrx_word' id='word_1_121' title='bbox 1154 2917 1245 2983; x_wconf 75' lang='lat' dir='ltr'><strong>aliter</strong></span> 
     </span>
     <span class='ocr_line' id='line_1_19' title="bbox 215 3017 1244 3107; baseline 0.001 -29"><span class='ocrx_word' id='word_1_122' title='bbox 215 3017 291 3107; x_wconf 81' lang='lat' dir='ltr'><strong>quia</strong></span> <span class='ocrx_word' id='word_1_123' title='bbox 308 3017 424 3094; x_wconf 78' lang='lat' dir='ltr'><strong>lernem</strong></span> <span class='ocrx_word' id='word_1_124' title='bbox 440 3019 609 3095; x_wconf 71' lang='lat' dir='ltr'><strong>indensis,</strong></span> <span class='ocrx_word' id='word_1_125' title='bbox 628 3020 718 3082; x_wconf 84' lang='lat' dir='ltr'><strong>aliter</strong></span> <span class='ocrx_word' id='word_1_126' title='bbox 733 3020 766 3082; x_wconf 90' lang='lat' dir='ltr'><strong>in</strong></span> <span class='ocrx_word' id='word_1_127' title='bbox 784 3021 873 3084; x_wconf 84' lang='lat' dir='ltr'><strong>tenui</strong></span> <span class='ocrx_word' id='word_1_128' title='bbox 892 3022 966 3082; x_wconf 77' lang='lat' dir='ltr'><strong>cselo</strong></span> <span class='ocrx_word' id='word_1_129' title='bbox 985 3019 1129 3091; x_wconf 80' lang='lat' dir='ltr'><strong>ierimus.</strong></span> <span class='ocrx_word' id='word_1_130' title='bbox 1168 3020 1244 3100; x_wconf 87' lang='lat' dir='ltr'><strong>Quo</strong></span> 
     </span>
     <span class='ocr_line' id='line_1_20' title="bbox 212 3110 1246 3209; baseline -0.003 -26"><span class='ocrx_word' id='word_1_131' title='bbox 212 3110 288 3183; x_wconf 80' lang='lat' dir='ltr'><strong>loeo</strong></span> <span class='ocrx_word' id='word_1_132' title='bbox 304 3122 428 3209; x_wconf 79' lang='lat' dir='ltr'><strong>relique</strong></span> <span class='ocrx_word' id='word_1_133' title='bbox 442 3121 571 3205; x_wconf 78' lang='lat' dir='ltr'><strong>quiden</strong></span> <span class='ocrx_word' id='word_1_134' title='bbox 586 3122 650 3184; x_wconf 88' lang='lat' dir='ltr'><strong>huo</strong></span> <span class='ocrx_word' id='word_1_135' title='bbox 662 3142 734 3205; x_wconf 77' lang='lat' dir='ltr'><strong>que</strong></span> <span class='ocrx_word' id='word_1_136' title='bbox 747 3120 905 3200; x_wconf 84' lang='lat' dir='ltr'><strong>pertinent</strong></span> <span class='ocrx_word' id='word_1_137' title='bbox 916 3120 1052 3203; x_wconf 78' lang='lat' dir='ltr'><strong>physicis</strong></span> <span class='ocrx_word' id='word_1_138' title='bbox 1066 3120 1246 3182; x_wconf 73' lang='lat' dir='ltr'><strong>estimanda</strong></span> 
     </span>
     <span class='ocr_line' id='line_1_21' title="bbox 213 3216 1245 3307; baseline -0.003 -22"><span class='ocrx_word' id='word_1_139' title='bbox 213 3216 396 3303; x_wconf 69' lang='lat' dir='ltr'><strong>diligentior</strong></span> <span class='ocrx_word' id='word_1_140' title='bbox 415 3220 581 3304; x_wconf 81' lang='lat' dir='ltr'><strong>relinquo,</strong></span> <span class='ocrx_word' id='word_1_141' title='bbox 600 3222 756 3307; x_wconf 77' lang='lat' dir='ltr'><strong>ipseque</strong></span> <span class='ocrx_word' id='word_1_142' title='bbox 775 3219 871 3283; x_wconf 86' lang='lat' dir='ltr'><strong>didici</strong></span> <span class='ocrx_word' id='word_1_143' title='bbox 887 3231 920 3284; x_wconf 88' lang='lat' dir='ltr'><strong>et</strong></span> <span class='ocrx_word' id='word_1_144' title='bbox 938 3232 1090 3303; x_wconf 79' lang='lat' dir='ltr'><strong>quantum</strong></span> <span class='ocrx_word' id='word_1_145' title='bbox 1108 3221 1148 3287; x_wconf 84' lang='lat' dir='ltr'><strong>ad</strong></span> <span class='ocrx_word' id='word_1_146' title='bbox 1163 3220 1245 3283; x_wconf 81' lang='lat' dir='ltr'><strong>Ger·</strong></span> 
     </span>
     <span class='ocr_line' id='line_1_22' title="bbox 213 3319 1245 3405; baseline -0.001 -22"><span class='ocrx_word' id='word_1_147' title='bbox 213 3338 324 3383; x_wconf 76' lang='lat' dir='ltr'><strong>manos</strong></span> <span class='ocrx_word' id='word_1_148' title='bbox 348 3319 475 3383; x_wconf 80' lang='lat' dir='ltr'><strong>videtau</strong></span> <span class='ocrx_word' id='word_1_149' title='bbox 494 3322 647 3397; x_wconf 83' lang='lat' dir='ltr'><strong>attinere,</strong></span> <span class='ocrx_word' id='word_1_150' title='bbox 678 3342 747 3389; x_wconf 84' lang='lat' dir='ltr'><strong>aton</strong></span> <span class='ocrx_word' id='word_1_151' title='bbox 766 3321 866 3387; x_wconf 80' lang='lat' dir='ltr'><strong>sinam</strong></span> <span class='ocrx_word' id='word_1_152' title='bbox 884 3321 1036 3402; x_wconf 75' lang='lat' dir='ltr'><strong>ignorare</strong></span> <span class='ocrx_word' id='word_1_153' title='bbox 1054 3319 1245 3405; x_wconf 73' lang='lat' dir='ltr'><strong>quempiam.</strong></span> 
     </span>
     <span class='ocr_line' id='line_1_23' title="bbox 213 3416 1245 3502; baseline 0 -21"><span class='ocrx_word' id='word_1_154' title='bbox 213 3416 349 3481; x_wconf 82' lang='lat' dir='ltr'><strong>Primum</strong></span> <span class='ocrx_word' id='word_1_155' title='bbox 363 3420 457 3499; x_wconf 76' lang='lat' dir='ltr'><strong>igitur</strong></span> <span class='ocrx_word' id='word_1_156' title='bbox 474 3429 584 3500; x_wconf 82' lang='lat' dir='ltr'><strong>putent</strong></span> <span class='ocrx_word' id='word_1_157' title='bbox 596 3420 816 3502; x_wconf 75' lang='lat' dir='ltr'><strong>exploratores</strong></span> <span class='ocrx_word' id='word_1_158' title='bbox 828 3422 1050 3502; x_wconf 78' lang='lat' dir='ltr'><strong>Hispanienses</strong></span> <span class='ocrx_word' id='word_1_159' title='bbox 1064 3441 1161 3485; x_wconf 85' lang='lat' dir='ltr'><strong>unam</strong></span> <span class='ocrx_word' id='word_1_160' title='bbox 1172 3440 1245 3484; x_wconf 86' lang='lat' dir='ltr'><strong>esse</strong></span> 
     </span>
     <span class='ocr_line' id='line_1_24' title="bbox 212 3517 1246 3605; baseline 0.003 -24"><span class='ocrx_word' id='word_1_161' title='bbox 212 3518 294 3581; x_wconf 77' lang='lat' dir='ltr'><strong>hane</strong></span> <span class='ocrx_word' id='word_1_162' title='bbox 312 3517 347 3583; x_wconf 74' lang='lat' dir='ltr'><strong>in‘</strong></span> <span class='ocrx_word' id='word_1_163' title='bbox 366 3517 414 3581; x_wconf 86' lang='lat' dir='ltr'><strong>his</strong></span> <span class='ocrx_word' id='word_1_164' title='bbox 435 3518 573 3594; x_wconf 82' lang='lat' dir='ltr'><strong>morbis,</strong></span> <span class='ocrx_word' id='word_1_165' title='bbox 608 3520 731 3604; x_wconf 72' lang='lat' dir='ltr'><strong>ubique</strong></span> <span class='ocrx_word' id='word_1_166' title='bbox 749 3520 957 3597; x_wconf 79' lang='lat' dir='ltr'><strong>medicinam,</strong></span> <span class='ocrx_word' id='word_1_167' title='bbox 983 3531 1047 3589; x_wconf 80' lang='lat' dir='ltr'><strong>tana</strong></span> <span class='ocrx_word' id='word_1_168' title='bbox 1069 3521 1144 3605; x_wconf 80' lang='lat' dir='ltr'><strong>quia</strong></span> <span class='ocrx_word' id='word_1_169' title='bbox 1167 3520 1246 3591; x_wconf 82' lang='lat' dir='ltr'><strong>nihil</strong></span> 
     </span>
     <span class='ocr_line' id='line_1_25' title="bbox 214 3618 1246 3704; baseline -0.003 -18"><span class='ocrx_word' id='word_1_170' title='bbox 214 3618 344 3693; x_wconf 77' lang='lat' dir='ltr'><strong>habeat,</strong></span> <span class='ocrx_word' id='word_1_171' title='bbox 365 3639 435 3702; x_wconf 84' lang='lat' dir='ltr'><strong>quo</strong></span> <span class='ocrx_word' id='word_1_172' title='bbox 453 3640 522 3683; x_wconf 93' lang='lat' dir='ltr'><strong>non</strong></span> <span class='ocrx_word' id='word_1_173' title='bbox 539 3619 758 3685; x_wconf 76' lang='lat' dir='ltr'><strong>irrdill&#39;erentes</strong></span> <span class='ocrx_word' id='word_1_174' title='bbox 778 3620 825 3684; x_wconf 86' lang='lat' dir='ltr'><strong>uti</strong></span> <span class='ocrx_word' id='word_1_175' title='bbox 842 3621 965 3704; x_wconf 74' lang='lat' dir='ltr'><strong>tabique</strong></span> <span class='ocrx_word' id='word_1_176' title='bbox 982 3641 1093 3686; x_wconf 84' lang='lat' dir='ltr'><strong>onmes</strong></span> <span class='ocrx_word' id='word_1_177' title='bbox 1111 3621 1246 3702; x_wconf 85' lang='lat' dir='ltr'><strong>possint,</strong></span> 
     </span>
     <span class='ocr_line' id='line_1_26' title="bbox 215 3719 1246 3806; baseline 0.004 -23"><span class='ocrx_word' id='word_1_178' title='bbox 215 3740 310 3803; x_wconf 80' lang='lat' dir='ltr'><strong>quam</strong></span> <span class='ocrx_word' id='word_1_179' title='bbox 334 3719 366 3780; x_wconf 85' lang='lat' dir='ltr'><strong>in</strong></span> <span class='ocrx_word' id='word_1_180' title='bbox 392 3720 536 3806; x_wconf 82' lang='lat' dir='ltr'><strong>quinque</strong></span> <span class='ocrx_word' id='word_1_181' title='bbox 557 3720 842 3791; x_wconf 75' lang='lat' dir='ltr'><strong>‹liversissimerum</strong></span> <span class='ocrx_word' id='word_1_182' title='bbox 865 3722 1029 3791; x_wconf 89' lang='lat' dir='ltr'><strong>nationum</strong></span> <span class='ocrx_word' id='word_1_183' title='bbox 1049 3722 1246 3798; x_wconf 79' lang='lat' dir='ltr'><strong>hominihus,</strong></span> 
     </span>
     <span class='ocr_line' id='line_1_27' title="bbox 212 3819 1248 3906; baseline 0.002 -24"><span class='ocrx_word' id='word_1_184' title='bbox 212 3819 298 3883; x_wconf 81' lang='lat' dir='ltr'><strong>lecto</strong></span> <span class='ocrx_word' id='word_1_185' title='bbox 316 3822 477 3901; x_wconf 71' lang='lat' dir='ltr'><strong>periculo,</strong></span> <span class='ocrx_word' id='word_1_186' title='bbox 499 3824 574 3906; x_wconf 83' lang='lat' dir='ltr'><strong>quie</strong></span> <span class='ocrx_word' id='word_1_187' title='bbox 590 3824 753 3905; x_wconf 74' lang='lat' dir='ltr'><strong>cognitum</strong></span> <span class='ocrx_word' id='word_1_188' title='bbox 768 3824 832 3890; x_wconf 82' lang='lat' dir='ltr'><strong>hoc</strong></span> <span class='ocrx_word' id='word_1_189' title='bbox 843 3823 894 3895; x_wconf 76' lang='lat' dir='ltr'><strong>sit.</strong></span> <span class='ocrx_word' id='word_1_190' title='bbox 927 3826 1071 3906; x_wconf 84' lang='lat' dir='ltr'><strong>Quarum</strong></span> <span class='ocrx_word' id='word_1_191' title='bbox 1087 3825 1118 3886; x_wconf 89' lang='lat' dir='ltr'><strong>ln</strong></span> <span class='ocrx_word' id='word_1_192' title='bbox 1133 3824 1248 3904; x_wconf 77' lang='lat' dir='ltr'><strong>ffispa-</strong></span> 
     </span>
     <span class='ocr_line' id='line_1_28' title="bbox 212 3921 1247 4008; baseline 0.004 -26"><span class='ocrx_word' id='word_1_193' title='bbox 212 3921 294 3991; x_wconf 84' lang='lat' dir='ltr'><strong>niem</strong></span> <span class='ocrx_word' id='word_1_194' title='bbox 321 3922 450 4005; x_wconf 88' lang='lat' dir='ltr'><strong>quidem</strong></span> <span class='ocrx_word' id='word_1_195' title='bbox 476 3924 613 4005; x_wconf 86' lang='lat' dir='ltr'><strong>primum</strong></span> <span class='ocrx_word' id='word_1_196' title='bbox 637 3923 744 4000; x_wconf 82' lang='lat' dir='ltr'><strong>venit,</strong></span> <span class='ocrx_word' id='word_1_197' title='bbox 775 3947 817 3988; x_wconf 85' lang='lat' dir='ltr'><strong>cx</strong></span> <span class='ocrx_word' id='word_1_198' title='bbox 844 3926 1020 4008; x_wconf 80' lang='lat' dir='ltr'><strong>Spegnole,</strong></span> <span class='ocrx_word' id='word_1_199' title='bbox 1052 3924 1181 3997; x_wconf 70' lang='lat' dir='ltr'><strong>arrectis</strong></span> <span class='ocrx_word' id='word_1_200' title='bbox 1212 3922 1247 3986; x_wconf 88' lang='lat' dir='ltr'><strong>in</strong></span> 
     </span>
     <span class='ocr_line' id='line_1_29' title="bbox 214 4024 1248 4107; baseline 0.004 -23"><span class='ocrx_word' id='word_1_201' title='bbox 214 4034 347 4092; x_wconf 81' lang='lat' dir='ltr'><strong>eventus</strong></span> <span class='ocrx_word' id='word_1_202' title='bbox 376 4024 630 4107; x_wconf 74' lang='lat' dir='ltr'><strong>expectationem</strong></span> <span class='ocrx_word' id='word_1_203' title='bbox 659 4024 726 4088; x_wconf 87' lang='lat' dir='ltr'><strong>aliis</strong></span> <span class='ocrx_word' id='word_1_204' title='bbox 751 4026 834 4091; x_wconf 82' lang='lat' dir='ltr'><strong>circe</strong></span> <span class='ocrx_word' id='word_1_205' title='bbox 862 4024 1063 4101; x_wconf 83' lang='lat' dir='ltr'><strong>notionibus,</strong></span> <span class='ocrx_word' id='word_1_206' title='bbox 1090 4024 1147 4086; x_wconf 91' lang='lat' dir='ltr'><strong>ubi</strong></span> <span class='ocrx_word' id='word_1_207' title='bbox 1173 4045 1248 4088; x_wconf 89' lang='lat' dir='ltr'><strong>curu</strong></span> 
     </span>
     <span class='ocr_line' id='line_1_30' title="bbox 213 4118 1249 4207; baseline -0.001 -22"><span class='ocrx_word' id='word_1_208' title='bbox 213 4118 348 4198; x_wconf 70' lang='lat' dir='ltr'><strong>feliciter</strong></span> <span class='ocrx_word' id='word_1_209' title='bbox 366 4146 404 4191; x_wconf 80' lang='lat' dir='ltr'><strong>ee</strong></span> <span class='ocrx_word' id='word_1_210' title='bbox 424 4148 500 4191; x_wconf 84' lang='lat' dir='ltr'><strong>usos</strong></span> <span class='ocrx_word' id='word_1_211' title='bbox 520 4146 590 4191; x_wconf 83' lang='lat' dir='ltr'><strong>esse</strong></span> <span class='ocrx_word' id='word_1_212' title='bbox 609 4128 724 4199; x_wconf 80' lang='lat' dir='ltr'><strong>multos</strong></span> <span class='ocrx_word' id='word_1_213' title='bbox 739 4124 940 4207; x_wconf 81' lang='lat' dir='ltr'><strong>contigisset,</strong></span> <span class='ocrx_word' id='word_1_214' title='bbox 968 4134 1159 4206; x_wconf 84' lang='lat' dir='ltr'><strong>accepertmt</strong></span> <span class='ocrx_word' id='word_1_215' title='bbox 1176 4144 1249 4189; x_wconf 86' lang='lat' dir='ltr'><strong>eam</strong></span> 
     </span>
     <span class='ocr_line' id='line_1_31' title="bbox 213 4220 1248 4309; baseline 0.004 -24"><span class='ocrx_word' id='word_1_216' title='bbox 213 4220 328 4298; x_wconf 83' lang='lat' dir='ltr'><strong>Siculi,</strong></span> <span class='ocrx_word' id='word_1_217' title='bbox 350 4223 466 4289; x_wconf 85' lang='lat' dir='ltr'><strong>deinde</strong></span> <span class='ocrx_word' id='word_1_218' title='bbox 479 4228 512 4287; x_wconf 91' lang='lat' dir='ltr'><strong>in</strong></span> <span class='ocrx_word' id='word_1_219' title='bbox 525 4225 642 4297; x_wconf 80' lang='lat' dir='ltr'><strong>ltaliam</strong></span> <span class='ocrx_word' id='word_1_220' title='bbox 655 4227 773 4290; x_wconf 79' lang='lat' dir='ltr'><strong>transiit</strong></span> <span class='ocrx_word' id='word_1_221' title='bbox 785 4228 952 4309; x_wconf 79' lang='lat' dir='ltr'><strong>statimque</strong></span> <span class='ocrx_word' id='word_1_222' title='bbox 959 4226 1123 4297; x_wconf 72' lang='lat' dir='ltr'><strong>Genuam,</strong></span> <span class='ocrx_word' id='word_1_223' title='bbox 1143 4234 1175 4284; x_wconf 90' lang='lat' dir='ltr'><strong>et</strong></span> <span class='ocrx_word' id='word_1_224' title='bbox 1187 4226 1248 4305; x_wconf 87' lang='lat' dir='ltr'><strong>ipsi</strong></span> 
     </span>
     <span class='ocr_line' id='line_1_32' title="bbox 214 4318 1245 4407; baseline 0.003 -22"><span class='ocrx_word' id='word_1_225' title='bbox 214 4324 437 4404; x_wconf 70' lang='lat' dir='ltr'><strong>experimento.</strong></span> <span class='ocrx_word' id='word_1_226' title='bbox 454 4318 528 4393; x_wconf 73' lang='lat' dir='ltr'><strong>vim·</strong></span> <span class='ocrx_word' id='word_1_227' title='bbox 547 4325 617 4407; x_wconf 85' lang='lat' dir='ltr'><strong>ejus</strong></span> <span class='ocrx_word' id='word_1_228' title='bbox 640 4328 816 4396; x_wconf 85' lang='lat' dir='ltr'><strong>didicimus.</strong></span> <span class='ocrx_word' id='word_1_229' title='bbox 853 4328 965 4405; x_wconf 84' lang='lat' dir='ltr'><strong>Nuper</strong></span> <span class='ocrx_word' id='word_1_230' title='bbox 986 4334 1018 4397; x_wconf 88' lang='lat' dir='ltr'><strong>et</strong></span> <span class='ocrx_word' id='word_1_231' title='bbox 1036 4325 1120 4407; x_wconf 83' lang='lat' dir='ltr'><strong>apud</strong></span> <span class='ocrx_word' id='word_1_232' title='bbox 1136 4325 1245 4388; x_wconf 80' lang='lat' dir='ltr'><strong>Gallos</strong></span> 
     </span>
     <span class='ocr_line' id='line_1_33' title="bbox 215 4414 1246 4515; baseline 0.007 -31"><span class='ocrx_word' id='word_1_233' title='bbox 215 4422 393 4486; x_wconf 81' lang='lat' dir='ltr'><strong>audivimus</strong></span> <span class='ocrx_word' id='word_1_234' title='bbox 416 4421 487 4508; x_wconf 67' lang='lat' dir='ltr'><strong>opas</strong></span> <span class='ocrx_word' id='word_1_235' title='bbox 508 4414 572 4508; x_wconf 79' lang='lat' dir='ltr'><strong>ope</strong></span> <span class='ocrx_word' id='word_1_236' title='bbox 597 4448 827 4495; x_wconf 82' lang='lat' dir='ltr'><strong>commescere</strong></span> <span class='ocrx_word' id='word_1_237' title='bbox 851 4424 1016 4515; x_wconf 85' lang='lat' dir='ltr'><strong>plurimos.</strong></span> <span class='ocrx_word' id='word_1_238' title='bbox 1048 4426 1154 4509; x_wconf 78' lang='lat' dir='ltr'><strong>&#39;Quod</strong></span> <span class='ocrx_word' id='word_1_239' title='bbox 1172 4447 1246 4491; x_wconf 88' lang='lat' dir='ltr'><strong>cum</strong></span> 
     </span>
    </p>
   </div>
   <div class='ocr_carea' id='block_1_6' title="bbox 0 0 1320 5086">
    <p class='ocr_par' dir='ltr' id='par_1_6' title="bbox 0 0 1320 5086">
     <span class='ocr_line' id='line_1_34' title="bbox 0 0 1320 5086; baseline 0 0"><span class='ocrx_word' id='word_1_240' title='bbox 0 0 1320 5086; x_wconf 95' lang='lat' dir='ltr'><strong> </strong></span> 
     </span>
    </p>
   </div>
  </div>
 </body>
</html>
