2632 5086
450 782 623 860 memus
645 779 830 883 Dialogoa.

536 974 746 1041 Miaaulue·

211 1073 260 1136 Ne
286 1072 345 1137 boc
373 1074 500 1158 quidem
525 1074 690 1160 degeneris
720 1073 832 1149 anmi,
864 1077 915 1138 rel
943 1076 976 1139 in
1000 1086 1147 1141 extrema

136 1169 293 1234 resistere.
338 1177 379 1237 Et
401 1173 464 1255 jem
481 1173 568 1237 varie
588 1194 682 1256 super
704 1172 752 1237 bie
778 1175 954 1237 consultans
966 1218 976 1250 ,
1005 1176 1149 1241 nondum

136 1267 283 1347 invenio,
310 1282 345 1336 ut
368 1295 418 1337 me
437 1274 610 1356 expediam.

565 1373 724 1438 Caatua.

212 1472 265 1534 Dii
283 1483 314 1534 te
333 1495 374 1536 ex
393 1473 451 1537 iata
468 1473 634 1554 jactatione
651 1474 685 1534 in
701 1482 827 1551 portum
846 1473 981 1555 aliquem
997 1474 1148 1550 relerant,

139 1567 293 1647 Mieaule,
322 1590 358 1634 ae
376 1584 411 1635 ut
430 1572 602 1636 libertatem
620 1569 767 1650 recipias,
793 1570 911 1646 faxint,
940 1584 992 1637 aut
1014 1573 1150 1657 aliquam

139 1668 195 1731 tibi
228 1670 422 1737 fructuosam
453 1671 674 1754 cogitationem
706 1669 834 1745 indant,
873 1692 935 1754 qua
967 1682 999 1733 te
1031 1673 1070 1735 ab
1102 1672 1150 1738 bit

138 1769 257 1833 retibus
290 1771 436 1852 explices.
488 1773 551 1835 Sed
583 1788 777 1853 prosequere
802 1789 860 1831 oro
888 1781 920 1832 te
948 1771 1012 1834 vira
1039 1771 1149 1849 aulicl,

140 1871 268 1952 quando
287 1872 388 1933 adhuc
403 1880 475 1933 ante
493 1872 601 1935 horam
616 1890 739 1944 eumue,
766 1890 835 1952 quae
851 1879 882 1931 te
900 1870 940 1931 ad
958 1870 1033 1932 illud
1051 1870 1153 1934 servi-

140 1970 214 2032 tutis
239 1971 375 2033 boatium
400 1968 552 2031 avocabit.
589 1971 630 2030 Et
655 1968 743 2051 quod
769 1978 886 2031 restare
911 1969 1054 2045 ridetur,
1081 1992 1152 2055 qum

139 2074 171 2128 te
206 2088 304 2130 cauae
335 2069 370 2132 in
403 2070 482 2131 banc
515 2067 745 2152 navigationem
778 2067 986 2146 adduxerint,
1025 2080 1079 2134 aut
1110 2070 1151 2135 de

142 2166 311 2247 Syreuibua
336 2179 372 2234 ut
396 2168 578 2245 meministi,
608 2166 726 2250 aliquid
750 2166 849 2230 refer.

539 2268 759 2336 Misaulur.¹

215 2369 302 2436 Audi
327 2370 422 2453 igitur
450 2371 608 2435 servitutis
634 2365 728 2449 hujus
754 2387 880 2444 causas,
914 2390 986 2432 nam
1013 2369 1152 2435 [ructum

142 2466 268 2531 abunde
293 2471 407 2550 opinor
431 2469 620 2535 intellexisti.
665 2468 805 2532 Primum
825 2490 862 2530 ea
881 2469 990 2543 Caete,
1029 2492 1098 2554 quae
1117 2482 1152 2533 tu

142 2588 274 2653 quoque
291 2572 385 2649 paulo
408 2581 479 2634 ante
499 2570 680 2651 sirapexisti,
701 2569 890 2643 admirabar,
919 2568 1052 2631 vestium
1071 2570 1152 2632 nito·

144 2684 229 2740 rem,
257 2687 367 2730 aurum
386 2680 418 2729 et
438 2687 590 2751 gemmas,
617 2691 652 2729 ac
670 2669 738 2730 illoc
758 2667 879 2730 arabice
899 2669 1016 2731 olentes
1036 2688 1153 2751 purpu-

144 2775 245 2838 ratoe,
271 2777 307 2828 ut
325 2768 412 2832 Deos
429 2769 571 2831 verebar.
609 2768 735 2834 Deinde
753 2768 857 2849 magni
876 2767 1048 2844 faciebam,
1071 2767 1154 2845 ἤι’)

143 2865 338 2941 conversari,
366 2869 406 2930 ad
426 2890 563 2950 qnorum
581 2878 784 2949 conspectum
803 2867 910 2941 etiam,
937 2872 1054 2930 summi
1080 2886 1153 2929 con·

144 2964 301 3042 tentione,
321 2969 453 3031 maxima
474 2987 556 3048 sape
573 2966 736 3030 multitudo
759 2978 975 3049 procurreret,
996 2967 1098 3050 iisque
1105 2965 1154 3042 θ’)

144 3066 298 3149 oolloqui,
315 3078 347 3128 et
358 3088 469 3131 eonrm
482 3067 685 3131 familiaritate
699 3067 836 3142 censeri,
852 3087 887 3128 ac
898 3067 962 3130 illus
975 3067 1153 3131 affectabam

145 3162 369 3240 immunitates,
403 3177 436 3229 et
460 3167 572 3230 divites
599 3187 706 3230 omnes
733 3168 894 3248 putabam,
925 3164 980 3248 qui
999 3167 1045 3229 sic
1064 3186 1154 3230 oma-

145 3274 265 3325 rentur.
304 3265 450 3349 Cumque
479 3267 699 3347 patrimonium
722 3265 796 3328 mihi
821 3277 904 3329 esset
930 3266 1150 3349 perexiguum,

146 3359 237 3425 facile
251 3365 312 3425 boc
329 3365 400 3427 loco
417 3367 569 3429 ditescere
584 3366 809 3448 proponebam.
836 3368 985 3448 Quaedam
1005 3378 1155 3449 preterea

148 3463 239 3526 insita
264 3462 341 3540 luit,
374 3475 406 3527 et
432 3465 557 3547 juveni,
587 3478 619 3528 et
642 3466 803 3548 imperito,
829 3476 865 3528 ut
888 3467 990 3529 multia
1020 3466 1156 3530 ambitio.

149 3562 227 3623 Nam
261 3560 427 3647 aliquando
461 3565 572 3629 videns
608 3586 649 3627 ex
681 3564 787 3628 aulicis
819 3577 1000 3630 reverenter
1036 3566 1158 3652 aliquot

151 3664 316 3744 appellari,
347 3684 382 3726 ec
409 3664 492 3727 orari
516 3666 555 3727 ab
581 3665 638 3740 ira,
667 3664 723 3747 qui
749 3664 867 3746 aliquid
884 3666 968 3745 apud
985 3665 1159 3747 principem

152 3762 329 3843 captabant,
350 3763 464 3826 deinde
482 3764 663 3827 muneribus
684 3783 813 3845 quoque
832 3764 916 3843 peti,
938 3765 1031 3827 rebar
1049 3784 1160 3829 omnen

152 3861 183 3922 in
210 3865 278 3925 aulrt
305 3875 565 3938 consuescentea,
593 3864 732 3946 potentia
756 3865 924 3945 plurimum
949 3867 1064 3929 valere.
1111 3866 1160 3927 Ac

151 3961 241 4023 lacilo
257 3961 419 4024 audiebam
433 3962 575 4046 quotidie
592 3963 787 4044 increpantes
805 3984 855 4027 me
875 3964 921 4027 bia
940 3964 1063 4041 verbis,
1084 3963 1163 4048 quin

153 4070 186 4121 tu
206 4061 237 4122 in
257 4064 357 4124 aulam
383 4072 415 4123 te
440 4061 583 4139 confere,
612 4073 648 4125 ut
669 4064 820 4142 prodesse
844 4075 877 4125 et
900 4063 956 4125 tibi
980 4063 1104 4145 porcia,
1131 4074 1165 4127 ct

155 4160 297 4223 omnibus
329 4159 412 4238 tuis,
450 4161 583 4246 aliquam
616 4162 746 4244 adeptus
778 4161 1014 4248 prefecturam,
1044 4175 1101 4229 aut
1124 4162 1176 4231 «t-

161 4299 324 4315 m

189 4375 217 4442 ⁸)
239 4372 285 4432 t'ts:
304 4387 347 4435 bb.
396 4379 440 4449 ⁸⁸)
457 4350 553 4448 trine:
574 4390 665 4450 litaque.
