2632 5086
521 704 649 782 Oratio
676 704 812 804 quinta.
943 772 948 779 .
1118 713 1184 783 165

156 896 373 971 circumsedit,
404 907 438 959 et
463 919 536 961 cum
564 899 686 983 aliquot
711 900 824 964 diebus
848 903 999 965 acerrima
1021 901 1184 985 diligentia

157 1010 389 1081 oppugnasset,
419 1000 546 1063 tandem
570 1002 602 1063 in
631 1011 817 1083 potestatem
841 1003 966 1083 redegit
997 1024 1110 1078 enam,
1146 1024 1184 1065 ac

156 1099 322 1179 diripiendi
344 1099 507 1163 libidinem
531 1101 680 1181 explerit.
732 1102 811 1163 lude
837 1115 947 1167 anctus
972 1103 1087 1179 arriani,
1120 1106 1181 1171 Ba·

156 1200 235 1261 uaris
251 1200 374 1262 bellarm
393 1200 531 1276 indixit,
560 1224 626 1285 qam
643 1201 698 1264 Dii
718 1201 795 1264 boni
815 1203 956 1267 ormrirun
975 1204 1058 1266 circa
1076 1216 1178 1280 metu,

156 1313 264 1385 quarata
295 1301 426 1381 publica
453 1302 718 1365 consternatione.
777 1304 874 1383 Quod
905 1304 964 1366 nisi
993 1316 1097 1367 vestra
1129 1304 1181 1368 illa

152 1402 300 1465 divinitus
321 1414 393 1464 orla
412 1403 565 1478 societas,
592 1403 643 1465 illa
660 1402 797 1465 maxiano
820 1405 995 1467 Germania
1012 1405 1100 1467 barro
1119 1403 1180 1467 icta

151 1503 407 1577 confoederatio,
438 1502 528 1567 nullia
553 1525 629 1566 mox
655 1503 828 1583 impensis,
870 1506 1013 1588 nullique
1039 1506 1179 1587 sumptui

148 1626 301 1684 parcetis,
323 1604 500 1667 exercitum
519 1604 692 1685 coegissot,
713 1625 748 1665 aa
768 1604 801 1665 in
815 1606 954 1667 medinm
969 1604 1177 1684 conjecisset,

148 1705 226 1789 quid
252 1703 344 1767 alind
364 1706 508 1767 futurum
536 1704 712 1779 sciebatur,
728 1708 759 1779 ³³)
788 1726 882 1787 qnam
909 1706 996 1769 illum
1019 1708 1178 1786 pervictu·
1257 1778 1261 1784 ,

147 1826 233 1881 rum,
267 1825 331 1868 noa
358 1804 558 1868 servituros?
596 1805 796 1867 Germaniam
817 1806 976 1884 tyrannidi
999 1805 1179 1886 objectam?

148 1910 188 1971 m
217 1905 285 1969 Dei
315 1925 379 1984 ope
407 1904 560 1983 primum,
600 1907 727 1988 (neque
756 1906 838 1969 enim
862 1907 1005 1970 humanis
1038 1906 1177 1973 correiliie
1226 1948 1229 1955 ·

146 2008 319 2069 ridebatur
336 2016 423 2067 tanto
446 2016 578 2083 repente
598 2005 770 2069 discrimini
790 2026 885 2086 ponc
902 2007 1047 2083 occurri)
1072 2020 1179 2074 verme

145 2108 263 2171 deinde
272 2105 449 2187 diligentia,
469 2106 628 2169 communi
638 2118 749 2169 nostro
761 2126 860 2189 opere
874 2128 911 2168 ac
921 2108 1081 2189 periculo,
1099 2132 1177 2191 pre·

147 2221 280 2269 rentum
307 2209 372 2269 lroc
404 2210 518 2269 malum
545 2219 610 2282 est,
647 2206 729 2269 illins
756 2218 898 2282 retusae,
937 2229 973 2271 ac
999 2210 1175 2289 perfractae

145 2309 295 2388 impetus.
353 2307 528 2369 Germania
555 2327 612 2369 sua
645 2318 830 2369 conservata
860 2307 1002 2383 libertas,
1039 2308 1174 2388 imperio

148 2409 284 2487 dignitas
301 2420 447 2484 retenta,
475 2409 549 2472 hnic
567 2408 710 2471 nefanda
730 2406 913 2471 temeritatis
932 2419 1077 2487 ereptum
1098 2428 1174 2471 con·

149 2508 274 2583 uilium,
319 2509 412 2571 nobie
451 2509 574 2572 reddita
609 2508 747 2584 fidncia,
794 2510 926 2572 reducta
958 2508 1173 2591 tranquillitas,

143 2610 330 2691 laetumque
347 2608 423 2675 illud
442 2620 586 2673 servator
607 2609 774 2685 Christus,
793 2621 830 2673 nt
842 2610 1007 2674 manilirste
1025 2629 1174 2690 compro·

143 2709 247 2783 bar-it,
269 2708 314 2770 ita
331 2709 497 2771 evidenter·
513 2708 645 2788 adjuvit.
684 2710 714 2772 Ο
735 2729 777 2771 ex
801 2708 925 2792 ingenti
947 2732 1028 2792 erge
1048 2710 1172 2775 nisam

141 2809 318 2873 maximum
337 2809 444 2872 subito
465 2821 570 2873 ortum
593 2808 761 2891 gaudium!
793 2830 815 2873 o
834 2830 877 2871 ex
898 2809 1173 2875 vehcrneuticen·

142 2910 340 2973 crematione
359 2907 598 2973 desiderabilem
618 2919 762 2971 exortam
780 2920 912 2988 repente
932 2909 1084 2975 letitiam!
1116 2911 1173 2975 ltlr

141 3020 205 3073 tam
225 3011 342 3084 ferox,
370 3020 431 3071 tam
448 3010 603 3084 violenta,
630 3021 691 3074 tarn
710 3010 850 3073 immanis
869 3010 989 3085 bellua,
1021 3031 1092 3093 aare
1110 3029 1172 3073 noa

139 3112 261 3177 intuitu
279 3110 476 3173 rrueruanriae
494 3133 557 3174 aaa
576 3111 725 3175 adrutum
744 3109 948 3186 credebatur,
968 3130 1039 3194 qua
1055 3118 1172 3175 attactu
1216 3184 1220 3205 Ι

139 3211 264 3279 irrrorirr
290 3210 343 3274 oui
373 3232 500 3275 omnem
528 3211 675 3275 eolliama
704 3214 785 3286 uim,
823 3231 949 3275 onmem
975 3212 1173 3293 perfractum

143 3313 297 3393 impetum
321 3312 513 3394 putabatur,
549 3311 640 3393 cujus
672 3311 751 3373 iram
780 3310 955 3376 Garumnia
983 3311 1171 3389 vastitatem,

142 3413 307 3477 incurram
330 3412 488 3494 publicam
509 3424 643 3476 mortem
665 3411 887 3494 concipiebant
910 3412 1071 3487 bominac,
1099 3432 1171 3495 qna

139 3514 322 3577 minabatur
338 3514 493 3589 crudelia,
515 3511 648 3579 iaciebat
662 3513 838 3588 horrenda,
859 3513 997 3576 terrebat
1010 3513 1169 3589 atrociter,

140 3615 296 3695 pruriebat
316 3613 449 3687 minere,
471 3614 539 3689 illa,
563 3610 710 3697 inquam,
737 3622 785 3675 tot
799 3613 901 3677 modia
919 3614 1173 3696 pertimescenda

138 3715 265 3790 bellua,
298 3734 478 3779 commarca
493 3725 564 3791 eat,
592 3735 653 3777 uec
677 3713 850 3791 remordit,
880 3714 990 3799 iugata
1005 3726 1076 3790 est,
1105 3732 1174 3785 nec,

137 3816 271 3890 restitit,
301 3817 435 3897 expulsa
461 3826 527 3890 est,
556 3835 617 3878 nee
642 3815 790 3879 substitit.
837 3815 917 3897 Quis
944 3818 1007 3879 hoc
1037 3832 1171 3895 operare

141 3936 237 3979 aranu
257 3914 352 3980 erut?
387 3918 455 3980 Aut
477 3937 548 3999 qma
570 3917 632 3981 hoo
656 3916 820 4007 bominum
839 3916 905 3993 vis,
934 3915 996 3979 uisi
1013 3926 1168 3995 praecino

137 4016 205 4080 Dei
226 4016 421 4101 benignitate
446 4015 553 4097 adjuta
573 4017 698 4080 efficere
726 4018 900 4099 potuisset,
934 4028 968 4079 ct
988 4016 1058 4081 eine
1081 4016 1171 4081 cede

135 4116 319 4198 potuisset,
350 4118 422 4182 cine
441 4117 619 4201 anagniae,
649 4129 683 4182 et
707 4117 936 4184 dimicatione?
970 4119 1086 4202 Neque
1104 4137 1172 4200 ego

139 4238 308 4256 h-——un—

172 4323 204 4388 ⁸)
222 4331 372 4381 actclotrr:
389 4332 524 4392 oculatur.
