2632 5086
218 740 291 818 dli
313 740 370 816 td
383 763 514 839 omnes
525 738 564 816 in
575 735 776 815 Germania
783 734 974 834 Principes
986 747 1058 863 etq
1076 734 1192 835 epist.

218 931 409 1008 defenditis,
428 933 515 996 enirn
526 951 579 996 res
596 942 661 995 est:
678 929 728 994 sin
740 926 905 1007 deseritis,
925 928 1104 1013 periodum
1117 928 1256 1013 quidm

218 1032 332 1107 inerit3
369 1052 433 1112 ego
465 1043 568 1097 tomen
596 1030 789 1094 conscientia
825 1026 928 1094 tren·
957 1048 1026 1091 non
1053 1026 1256 1113 desperabo.

219 1131 381 1218 Equidem
401 1132 435 1201 io
453 1132 594 1197 Domino
612 1134 755 1213 speravi,
779 1141 810 1193 ot
828 1129 943 1212 eripiet
959 1148 1031 1199 me,
1052 1146 1097 1191 ne
1116 1130 1254 1213 quando

219 1233 322 1317 sepiat
340 1230 492 1296 Decimus
509 1232 582 1295 Leo
602 1230 738 1297 enimam
755 1250 874 1308 meam,
906 1230 983 1293 dnm
1001 1248 1069 1291 non
1088 1239 1158 1305 est,
1196 1230 1254 1315 qni

220 1332 372 1409 redimat,
391 1350 498 1415 neque
518 1331 575 1416 qni
594 1331 717 1396 salvum
734 1331 839 1395 iaciat.
876 1331 948 1395 Jnm
966 1327 1051 1393 enim
1067 1330 1255 1395 circumde-

221 1434 338 1499 derunt
355 1452 407 1495 me
426 1449 521 1495 onnes
538 1429 648 1507 multi,
676 1440 710 1494 et
734 1430 904 1495 concilium
928 1429 1165 1512 maligantium
1196 1433 1253 1498 ob·

149 1530 158 1549 ⁶
221 1531 305 1598 sedit
322 1552 382 1594 nne.
420 1532 636 1613 sumperunt
655 1551 705 1596 me
723 1532 805 1595 sieut
823 1534 875 1594 leo
893 1542 1020 1613 puatns
1040 1531 1081 1594 nd
1099 1539 1252 1614 pronum

222 1632 281 1698 sed
305 1641 427 1694 avertet
455 1631 546 1696 Dens
576 1632 656 1695 mnia
678 1630 809 1695 inimicis
834 1632 927 1708 meis,
956 1641 989 1695 et
1004 1634 1176 1696 inveritate
1195 1654 1253 1697 sus

221 1730 384 1813 disperdet
412 1731 501 1806 illos,
535 1729 686 1815 quoniam
711 1730 779 1815 ipse
811 1730 957 1794 liberabit
983 1731 1102 1794 mede
1132 1734 1251 1817 laqueo

220 1818 403 1895 sonantium
419 1829 695 1922 'Curtisunorum
729 1841 761 1893 et
794 1851 812 1891 n
839 1829 942 1893 verbo
975 1830 1099 1895 [mods
1124 1832 1253 1897 Decimi

219 1948 347 2017 mpero.
394 1928 488 1994 Furit
519 1930 546 1992 is
578 1927 723 2014 quidem,
757 1942 788 1993 et
814 1931 936 1994 stimulo
971 1931 1153 2013 cupiditatis
1186 1954 1253 1999 sn·

219 2048 362 2119 preceps
376 2031 500 2095 fertur:
521 2030 581 2093 sed
598 2030 642 2094 ita
659 2033 755 2116 longe
775 2033 880 2108 abest,
899 2043 934 2094 ut
953 2031 993 2095 ab
1011 2052 1053 2096 eo
1073 2043 1161 2098 tutus
1179 2055 1253 2100 esse

222 2134 352 2214 possim.
391 2129 564 2214 Reliquum
580 2129 787 2196 eCurtisnnis
806 2133 982 2213 periculum
993 2144 1059 2211 est,
1079 2118 1251 2211 nummu

218 2229 254 2297 hi
272 2230 403 2305 instant,
423 2224 454 2293 hi
465 2241 598 2313 urgent,
618 2230 734 2314 rpdbus
756 2231 815 2293 etsi
834 2235 930 2295 iratus
951 2232 1119 2309 estDmis,
1141 2244 1251 2299 umen

220 2329 376 2394 obsistere
403 2351 463 2394 vos
493 2332 606 2405 decet,
642 2349 710 2392 nem
736 2319 868 2395 snorum
896 2353 984 2396 mann
1009 2331 1120 2412 inpios
1146 2335 1247 2412 punit

218 2428 320 2499 neus.
373 2430 468 2494 Prius
493 2428 607 2493 misere
633 2426 825 2493 direxerunt
847 2432 927 2496 hanc
955 2431 1122 2495 nationem:
1151 2452 1244 2495 rinno

218 2528 408 2615 perniciem
426 2529 616 2603 moliuntur3
651 2527 697 2591 eis
730 2533 917 2610 praesertim,
951 2552 1031 2616 qnos
1058 2530 1252 2609 mysterium

220 2649 309 2693 snum
339 2616 480 2711 prodere
506 2626 628 2689 vident.
674 2628 772 2707 Quod
796 2630 907 2695 feretis
937 2630 1107 2695 Germanii
1138 2652 1252 2715 neque

218 2826 416 2908 munigno,
449 2846 467 2887 n
487 2826 602 2911 quibus
620 2826 740 2891 insidiae
760 2829 941 2908 mihinam,
972 2832 1112 2905 bisunt,
1132 2831 1252 2915 quibus

219 2925 424 3003 unctoribus,
455 2924 640 3012 quibusque
661 2925 804 2992 ministris
823 2950 862 2992 ea
881 2933 980 2994 fiunt:
1012 2951 1083 3014 qun
1103 2951 1170 3012 ego
1192 2930 1251 2995 nisi

115 3056 120 3063 ·
169 3085 171 3089 ,
218 3028 506 3110 reprehendissem,
533 3026 595 3110 jam
612 3029 717 3093 salvus
738 3049 857 3106 essem,
888 3030 916 3094 si
933 3031 1128 3106 laudassem,
1160 3030 1251 3095 etism

216 3127 341 3195 beatus.
383 3129 446 3205 Hi,
476 3140 512 3191 ut
537 3127 724 3210 compiletur
753 3150 839 3192 nove
867 3128 1011 3213 qnotidie
1041 3130 1144 3214 petria
1170 3133 1250 3206 brec,

186 3214 189 3219 ‘
217 3229 402 3307 adjumento
421 3239 512 3304 sunt,
531 3228 696 3295 consilinm
708 3229 809 3304 dant,
843 3248 937 3311 opem
955 3230 1146 3305 advertunt,
1167 3229 1251 3309 impii

218 3314 398 3403 ¹Curtisnni,
416 3325 614 3389 detesnbites
632 3327 817 3404 Simoniani,
842 3330 898 3412 qui
916 3330 1003 3392 istam
1020 3327 1158 3394 miscent
1175 3329 1252 3393 sbo-

217 3425 395 3489 minrbilem
413 3425 540 3506 publice
560 3428 698 3507 praxim,
719 3449 782 3511 qua
795 3428 924 3512 Christo
942 3428 1105 3506 illuditur,
1128 3431 1254 3497 verino·

217 3518 312 3589 inens
338 3527 393 3589 iit:
425 3525 600 3588 Germaniae
626 3547 695 3590 non
712 3538 852 3605 tantum,
887 3529 1015 3616 qnando
1039 3528 1076 3592 in
1096 3533 1254 3612 pemmiu

216 3621 290 3704 eins
316 3635 350 3688 et
371 3623 591 3706 possessiones
624 3628 758 3708 impetus
793 3627 885 3694 istinc
920 3631 979 3705 fit,
1025 3628 1255 3697 domenum

217 3724 379 3799 adfertur,
417 3725 474 3787 sed
502 3727 614 3808 populi
641 3728 732 3792 etiem
765 3748 886 3807 mores,
925 3730 1065 3814 pessimis
1097 3731 1140 3794 nb
1171 3734 1255 3797 urbs

218 3826 324 3893 Rome
336 3827 505 3908 exemplis,
531 3827 757 3917 deprarnitnr.
792 3830 847 3893 Ab
859 3833 933 3912 ipsis
945 3832 1028 3894 enim
1041 3842 1119 3894 snut
1137 3835 1256 3912 ipsius·

214 3927 300 3988 modi
320 3926 473 3989 matorum
501 3947 619 4007 musso,
646 3931 720 4013 qui,
753 3950 852 4014 quum
878 3938 966 3995 tento
993 3949 1054 3994 suo
1077 3934 1257 3999 commodo

215 4026 344 4087 ministri
364 4025 426 4087 sint
444 4024 581 4095 Romani
600 4030 776 4112 pontificis,
806 4031 868 4095 hoe
887 4030 1005 4095 laniunt
1022 4051 1124 4113 posse
1148 4036 1259 4117 illum,

214 4144 319 4209 equo
345 4127 525 4210 longissime
553 4128 692 4214 alioquin
710 4130 828 4194 oberat.
865 4132 992 4195 Hortum
1009 4151 1111 4211 opera
1134 4136 1194 4215 fn,
1221 4148 1261 4203 ut

215 4235 331 4309 regnet
352 4227 552 4308 superstitio,
587 4250 662 4294 vera
695 4231 820 4293 exsudet
845 4233 954 4312 piens.
975 4224 980 4231 ¹
1002 4233 1045 4294 Hi
1072 4236 1260 4303 nnimmrnt

216 4322 377 4391 Romanos
414 4329 580 4408 pontifices
609 4331 643 4393 in
658 4338 799 4409 tantum,
843 4341 880 4395 ut
902 4333 1187 4401 corulitutionibns
1219 4338 1260 4402 ad
