2632 5086
538 751 714 850 Epistola.
1066 758 1138 842 §63

118 947 221 1012 videri
240 945 428 1022 voluerunt,
457 962 557 1030 quum
583 945 615 1008 in
634 942 777 1011 levorem
794 944 932 1012 Romani
957 946 1135 1029 pontificia,

117 1060 170 1112 aut
190 1048 260 1127 ejus
282 1048 333 1110 hic
350 1048 527 1129 legatorum
547 1047 694 1127 gratiam,
714 1046 825 1128 judicii
841 1048 890 1111 aui
903 1049 1028 1111 aculeos
1041 1069 1136 1112 excr-

117 1159 190 1211 cent
217 1147 251 1210 in
277 1167 354 1224 eor,
386 1146 443 1231 qui
469 1148 657 1229 evurgelicae
684 1148 825 1213 veritatis
851 1146 1031 1214 testimonio
1050 1146 1134 1225 uixi,

118 1242 377 1329 superstitionem
404 1248 510 1313 conati
535 1259 640 1312 essent
669 1270 687 1311 a
711 1240 849 1312 fidelium
867 1246 1024 1311 mentibus
1050 1248 1137 1311 avel-

117 1349 199 1424 lere,
223 1359 256 1408 et
273 1358 458 1425 praetentum
476 1367 559 1411 vera
574 1347 721 1432 religioni
736 1349 845 1411 lucum
862 1350 982 1411 tollere.
1014 1345 1136 1410 Contra

118 1449 246 1535 iniquos
265 1468 345 1512 vero
368 1448 573 1525 Curtisanos,
603 1452 770 1513 ecclcratoa
789 1448 1001 1523 simoniacos,
1022 1467 1058 1509 ac
1077 1447 1135 1510 im·

116 1551 236 1630 probos
257 1549 521 1631 indulgentiarum
540 1544 740 1627 venditores,
768 1549 824 1634 qui
843 1550 893 1609 vel
911 1545 1038 1632 publice
1057 1565 1134 1609 con·

115 1650 258 1715 ciormtus
290 1649 346 1724 sit,
380 1650 432 1712 vel
455 1648 541 1711 domi
564 1649 714 1730 scriptum
733 1636 855 1733 aliquid
870 1648 957 1710 lorus
978 1645 1134 1723 emiserit,

116 1752 166 1813 vel
193 1751 360 1824 insenum
386 1749 484 1812 libere
512 1750 721 1825 consuluerit,
754 1771 795 1813 ex
822 1750 883 1811 hoe
910 1746 1134 1829 theologorum

114 1871 235 1931 genere
254 1851 401 1911 inventur
423 1852 523 1914 adhuc
543 1871 638 1915 nemo
651 1860 708 1912 est.
744 1847 845 1932 Atqui
859 1847 1026 1923 adversum
1039 1843 1135 1927 pesti·

116 1950 300 2013 lentissimns
313 1950 489 2028 complures
502 1950 726 2013 nonnullorum
737 1949 922 2030 pontificum
934 1948 1042 2024 bullas,
1057 1967 1135 2009 cou-

115 2060 161 2112 tra
181 2051 386 2113 exactionum
406 2048 503 2121 hicet
517 2049 772 2131 dispoliationum
788 2068 905 2129 genera
924 2050 1015 2130 plone
1031 2045 1135 2109 infini⁴

114 2160 159 2224 ta,
180 2158 290 2210 contre
306 2159 360 2209 nut
376 2148 449 2211 ictae
470 2149 579 2214 Roma
605 2148 856 2212 sacerdotiorum
873 2146 1133 2231 nundinationem

112 2258 166 2311 out
185 2246 399 2310 ‹letcstabilem
419 2249 469 2313 bic
487 2251 579 2312 etiem
600 2246 802 2312 ecclesiastici
826 2245 945 2309 ordinis
964 2246 1133 2323 luxuriam,

111 2350 295 2425 consulere,
326 2361 358 2411 et
386 2349 559 2413 decernere
587 2347 754 2431 oportebat
781 2347 843 2411 hoc
860 2359 1019 2428 tempore3
1047 2366 1132 2421 non,

112 2448 138 2511 ei
159 2447 230 2530 quis
253 2448 370 2530 optime
390 2461 594 2528 promoveret
614 2449 732 2522 studia,
753 2458 785 2511 et
798 2445 1061 2510 reviviscentibus
1077 2444 1133 2505 ad·

110 2547 292 2610 minicnlnm
311 2546 411 2610 ferret
433 2546 549 2622 literis,
578 2548 610 2610 iu
637 2568 709 2609 eum
725 2544 938 2631 inquisitionis
955 2540 1137 2613 uniusmodi,

111 2645 328 2708 auctoritatem
356 2644 542 2720 obvertere,
574 2657 606 2706 et
626 2649 780 2709 bacrescoe
800 2646 953 2707 continno
973 2642 1132 2725 piaculum

111 2744 275 2827 imputare.
315 2744 412 2826 Quod
438 2744 594 2807 lacessant
613 2766 691 2821 oro,
721 2765 762 2807 ne
784 2747 835 2808 vel
854 2747 916 2809 hoe
935 2746 1063 2809 nomine
1083 2744 1132 2809 in·

111 2845 206 2925 cipiet
234 2846 314 2906 mele
341 2843 451 2907 audire
477 2846 542 2906 brec
570 2841 668 2908 natio.
711 2844 792 2906 Nam
816 2842 844 2906 si
870 2846 1055 2927 pudendum
1083 2854 1132 2909 eat

110 2943 179 3006 reri
201 2943 380 3027 ignorantia
408 2943 485 3020 labi,
520 2964 613 3029 quam
640 2966 705 3006 uon
725 2943 890 3020 convenit,
923 2966 963 3007 eo
983 2943 1130 3033 cognit03

109 3047 191 3107 ultro
211 3045 323 3107 falsum
341 3044 512 3108 adserere?
532 3044 618 3128 Quin
637 3044 742 3127 potina
758 3043 936 3109 Christiana
955 3044 1045 3124 juvet
1063 3064 1133 3107 mo·

109 3144 208 3208 destia
226 3132 262 3207 in
281 3145 426 3208 docenda
445 3146 577 3207 veritate
596 3145 660 3220 nti,
681 3164 746 3206 non
765 3143 877 3208 lurore
897 3155 930 3205 et
948 3145 1083 3207 amentia
1097 3144 1132 3209 in
1229 3160 1234 3167 '

107 3245 285 3328 adfligendo
304 3245 449 3329 equitate
468 3244 563 3307 ferri:
583 3244 697 3310 frivola
715 3255 808 3321 eunt,
835 3256 868 3307 et
883 3264 959 3307 mox
978 3243 1132 3347 periture.

107 3366 177 3429 quae
198 3345 316 3408 donant
334 3344 377 3422 ii,
403 3342 519 3428 quibus
539 3355 626 3411 terno
647 3366 718 3411 cum
737 3349 856 3410 scelere
878 3345 933 3431 qni
952 3346 1130 3425 adulantur,

107 3454 225 3506 eterna
254 3464 309 3521 ee,
357 3456 390 3507 et
418 3445 653 3527 incomparabili
685 3446 833 3512 fraudent
863 3443 1130 3510 remuneratione.

107 3536 264 3607 Praeterea
293 3543 384 3608 brevi
410 3545 595 3611 duraturam
621 3548 701 3611 hanc
721 3545 846 3611 illorum
866 3545 1064 3626 tyrannidem
1083 3546 1131 3609 vi·

106 3643 186 3718 deo,
212 3653 263 3717 et,
291 3643 352 3706 nisi
371 3647 475 3710 omnia
495 3664 545 3711 nro
565 3643 693 3725 fallant,
718 3648 823 3730 paullo
842 3658 915 3732 poet
934 3646 1071 3709 abtuum
1090 3644 1132 3711 iri

105 3742 256 3828 predico.
302 3742 414 3808 Posito
438 3758 486 3808 ert
511 3745 573 3827 jem
592 3749 693 3827 enim,
725 3742 847 3831 posita,
878 3744 1063 3814 ochristet
1090 3749 1133 3814 ad

107 3843 245 3908 radicem
269 3842 419 3935 arborum
441 3845 562 3909 securis
583 3858 648 3926 est,
678 3859 710 3912 et
737 3846 940 3913 exscindetur
961 3847 1063 3911 omnis
1081 3869 1132 3911 ar·

108 3944 188 4020 bor,
210 3967 280 4029 que
299 3963 364 4007 uon
383 3945 458 4010 lacit
474 3946 613 4011 fructum
627 3948 765 4024 bonum,
786 3970 822 4011 ac
835 3946 1023 4031 purgabitur
1036 3947 1131 4011 vinea

107 4044 246 4110 Domini.
285 4047 358 4109 Hoc
376 4045 477 4127 jubeo
497 4067 563 4110 non
576 4069 704 4130 sperare
718 4047 783 4131 jam
803 4070 881 4142 vor,¹
909 4049 966 4114 sed
984 4060 1129 4131 spectare

106 4164 181 4210 mox
200 4147 309 4228 jubeo.
346 4145 476 4212 luterim
496 4147 670 4226 confidite,
691 4146 750 4214 viri
772 4148 939 4213 Germanii
962 4170 999 4213 uc
1016 4157 1128 4213 mutuo

106 4263 165 4308 vor
183 4245 332 4311 excitate.
374 4248 444 4308 Nec
470 4249 631 4333 imperitae
658 4249 793 4328 hebetia,
823 4270 883 4315 nec
901 4248 1072 4313 imbecilles
1090 4249 1133 4317 nd

108 4342 325 4409 viridicendam
352 4345 527 4427 libertatem
552 4351 661 4412 dricea.
709 4351 847 4415 Tantum
875 4351 975 4413 sotter
995 4350 1133 4430 prebete
