2632 5086
292 787 349 861 Ad
373 784 468 860 Eob.
497 782 656 859 Hcssum
676 794 746 860 etc.
765 784 881 885 Epist
1028 795 1096 865 221

75 1008 145 1068 quae
170 982 337 1065 aliquando
365 1001 424 1062 pro
452 980 626 1043 communis
646 980 821 1045 Germaniae
841 980 985 1046 libertate
1010 983 1100 1046 adse·
1185 1026 1188 1031 -

76 1086 171 1147 remla
205 1082 359 1146 credetis?
401 1084 453 1144 Tu
482 1083 603 1156 Hesse,
640 1104 739 1167 equuus
770 1084 803 1146 in
834 1083 976 1163 Epistola
1006 1084 1101 1147 ltaliae

76 1207 280 1266 responsoria
299 1185 472 1247 libertatem
500 1185 666 1267 quamdam
685 1187 904 1248 vehementem
924 1186 1099 1267 auspicatus

76 1290 137 1360 sis,
171 1309 254 1347 narrare
284 1286 424 1363 absistis,
455 1285 652 1368 aliquando,
693 1286 808 1366 opinor
824 1287 1101 1361 ,contumelioso

77 1389 247 1452 Curtisano
279 1384 491 1448 deterrente?
528 1386 579 1447 An
611 1406 652 1449 nc
682 1389 810 1449 metuel
860 1387 972 1451 Plures
1008 1398 1103 1451 eraut

74 1490 180 1552 similis
209 1487 394 1570 argumenti·
411 1485 604 1567 scriptores,
637 1508 731 1569 quam
754 1508 821 1549 non
846 1500 948 1570 putas.
987 1490 1102 1571 Neque

77 1592 150 1653 illud
179 1591 246 1651 sine
272 1587 375 1671 gloria
396 1588 518 1650 lucianus
544 1586 741 1651 audebimus.
771 1591 850 1671 ¹ligo
879 1610 961 1672 quos
981 1590 1102 1669 possim

75 1693 115 1756 ael
133 1703 236 1769 partes
259 1691 424 1753 traducere
444 1688 581 1763 exiliis,
602 1689 658 1770 qui
676 1691 772 1750 multa
791 1689 850 1770 ipsi
871 1702 1021 1769 possunt,
1044 1692 1102 1754 scil

75 1797 224 1856 haetenus
253 1812 319 1852 nou
348 1791 570 1851 intellexeruut
589 1789 773 1871 negotium,
808 1810 844 1850 ac
861 1789 996 1854 libenter
1016 1814 1101 1855 nuuc

77 1918 133 1975 per
163 1914 212 1952 rue
241 1892 451 1964 erudiuntur,
489 1888 657 1969 alimrando
687 1888 802 1953 scietis.
853 1888 999 1954 Cutletur
1026 1890 1103 1954 mihi

77 2016 160 2055 inune
181 1993 357 2072 Dialogus,
388 1990 439 2053 cui
460 1991 590 2053 titulus:
621 1981 712 2059 Trias
732 1991 898 2067 Romana,
936 2011 1003 2074 quo
1026 1990 1103 2054 nihil

79 2094 312 2167 vehementius,
348 2090 423 2154 nihil
448 2090 577 2154 liberius
604 2092 705 2153 adhue
726 2091 845 2154 editum
864 2103 910 2155 est
930 2091 964 2153 in
984 2091 1102 2155 Roma·

77 2217 136 2256 uns
169 2192 342 2271 aurisugas.
394 2192 490 2257 Brevi
522 2192 699 2272 perlectum
732 2193 863 2256 habetis.
916 2193 969 2254 Tu
998 2194 1102 2275 Aper·

77 2298 208 2368 bacche,
238 2315 336 2376 spirim
354 2305 386 2357 et
405 2293 516 2357 Romae
535 2291 655 2367 fueris,
674 2292 868 2376 fraudesque
887 2292 932 2355 ibi
952 2294 1101 2375 imposto-

78 2421 147 2460 rum
167 2395 333 2472 didiceris,
370 2406 403 2456 et
430 2405 540 2456 aratura
569 2392 611 2457 sis
638 2394 677 2454 ael
695 2393 910 2469 irridendum,
947 2405 979 2455 et
998 2393 1102 2456 facete

80 2496 311 2578 objnrgamlum
331 2496 423 2560 valde
441 2495 712 2569 accommodatus,
733 2515 798 2557 non
818 2495 986 2577 aliquando
1001 2492 1103 2574 speci·

80 2622 150 2661 mcn
169 2599 214 2661 tui
234 2596 349 2660 alubis?
385 2608 416 2659 et
445 2595 643 2657 Germaniam
669 2595 752 2658 sines
778 2596 955 2658 samiorum
974 2606 1104 2659 tuorum

78 2701 185 2762 lriaetu
204 2695 343 2760 carere?
375 2697 425 2760 Ne
453 2697 485 2757 in
518 2707 707 2778 perpetuum
736 2697 942 2773 obmutesce,
975 2716 1102 2779 precor,

81 2802 137 2861 sed
163 2799 333 2881 aliquando
354 2818 493 2879 erumpe.
541 2796 604 2876 Egi
639 2817 711 2858 cum
736 2795 878 2878 principe
907 2797 978 2872 hie,
1009 2808 1045 2860 ut
1062 2796 1104 2859 ab

83 2904 151 2962 aiala
170 2900 348 2977 sejunctum
373 2919 441 2963 esse
464 2917 533 2971 me,
566 2908 597 2959 et
624 2898 829 2960 aelriumerato
849 2895 967 2980 alioqui
985 2897 1103 2979 stipen-

80 3001 156 3075 dio,
193 2999 370 3082 Moguntiae
395 2999 475 3061 inter
501 2998 605 3060 literas
625 2997 852 3080 conquiescere
872 2999 974 3073 sinat,
1014 2999 1105 3081 qnod

80 3100 268 3182 impetrari,
300 3121 372 3163 cum
400 3120 542 3185 magno,
580 3111 616 3160 ut
645 3100 770 3161 ridetur
800 3099 896 3175 mihi,
927 3098 1109 3162 studiorum

78 3214 260 3265 nostrornm
280 3200 397 3264 fructu.
436 3199 524 3281 Quid
538 3211 688 3281 praetcrea
706 3220 904 3280 proponam,
925 3200 1000 3284 quia
1018 3218 1105 3261 niune

79 3304 178 3365 otium
205 3322 272 3364 non
300 3313 368 3379 est,
406 3301 576 3386 aliquando
606 3301 750 3364 scribam.
795 3302 867 3365 Vos
896 3322 1034 3383 precor,
1063 3298 1105 3363 ati

79 3401 358 3465 lllelaneluhonem
383 3394 591 3484 Vitebergam
618 3422 690 3464 cum
717 3403 823 3484 primis
850 3404 962 3465 mittite
987 3402 1103 3485 literas,

79 3524 157 3586 quas
182 3504 229 3565 his
256 3500 400 3583 adjunxi.
440 3502 576 3584 Quiihm
596 3502 666 3567 istic
692 3515 738 3564 est
758 3503 902 3583 Sophiste
921 3514 974 3565 aut
997 3503 1104 3564 Theo·

79 3603 209 3685 logista,
236 3614 289 3664 aut
309 3602 513 3688 quicunque,
534 3607 590 3687 qui
605 3626 712 3684 ¹nuper
732 3605 771 3665 ab
791 3607 924 3666 Erasmo
943 3596 1125 3677 reuersus,¹

82 3725 152 3762 eum
177 3704 224 3767 ad·
242 3723 293 3764 me
319 3702 426 3766 literas
454 3703 492 3765 ab
520 3703 574 3766 illo
602 3706 783 3786 perferret,
813 3725 931 3787 easque
958 3705 1104 3768 omnibus

85 3802 279 3877 ostenderet,
312 3823 354 3865 ex
381 3804 486 3869 amicis
512 3816 617 3867 tamen
643 3806 720 3868 meis
760 3803 876 3881 nemini
904 3806 1006 3867 mallet
1032 3802 1105 3863 red·

83 3901 180 3975 (lere,
217 3903 346 3977 nescio,
384 3924 452 3986 quo
477 3904 613 3968 consilio
640 3886 815 3969 sceleratus
835 3927 942 3969 secnm
968 3903 1103 3992 alienun,

81 4022 142 4063 nec
166 4001 205 4062 ad
224 4022 273 4064 me
292 4003 497 4083 perferendas
516 4006 648 4069 curarit.
687 4008 760 4068 Nou
782 4006 922 4069 desinam
940 4003 1104 4083 nebuloni,

81 4113 117 4167 ut
147 4104 225 4165 male
257 4105 381 4180 valeat,
422 4104 556 4186 precari.
612 4104 698 4187 Quin
726 4107 820 4171 etiam
848 4118 884 4169 ut
917 4104 1105 4188 intelligatis,

81 4225 151 4287 quae
170 4203 286 4266 malitia
304 4203 362 4280 sit,
393 4225 465 4266 cum
493 4226 534 4268 eo
560 4205 613 4268 uie
640 4206 801 4287 ingressus
829 4229 891 4291 ego
911 4206 1105 4268 Francolur-

84 4302 164 4367 aliam
190 4302 340 4379 fuissem,
375 4325 441 4387 quo
467 4304 518 4368 ille.
544 4304 768 4382 circumtulerit
793 4308 976 4390 epistolam,
1008 4319 1104 4391 atque
