2632 5086
385 637 490 745 'fries
513 640 682 715 Romana
704 639 892 743 Dialogus.
1072 643 1141 726 471

119 856 285 899 servorum
306 833 494 917 appellatio?
514 854 622 897 nonne
642 834 682 897 ad
703 833 820 897 Christi
838 805 1025 899 sententiam
1047 836 1146 917 respi-

121 934 163 998 cit
185 948 340 1010 vetustas,
363 935 419 1018 qtri
438 946 525 997 tanto
546 955 708 1018 quemque
726 933 941 999 sublimiorem
962 935 995 998 in
1015 937 1147 1000 eeclesia

122 1057 177 1099 sna
197 1036 317 1112 statuit,
341 1046 459 1120 quanto
478 1058 513 1099 se
524 1035 645 1098 laceret
659 1032 876 1098 demissiorem
891 1035 980 1118 ipse,
1000 1036 1061 1099 lroc
1076 1055 1147 1099 esse

122 1139 231 1199 volens
255 1157 387 1219 regnare
411 1136 495 1212 aliis,
522 1133 698 1199 ministrare
723 1135 882 1211 omnibus,
917 1135 969 1198 isti
992 1147 1147 1201 nostrates

123 1249 241 1318 quanto
260 1238 343 1300 lustu
360 1236 513 1315 turgent?
559 1234 657 1315 Quod
676 1235 702 1298 si
722 1257 738 1299 a
758 1235 886 1300 Christo
908 1235 1075 1300 alieniores
1094 1239 1148 1300 ha·

121 1338 217 1399 bentii
240 1350 331 1415 sunt,
354 1338 409 1422 qni
429 1337 524 1424 rebus
543 1336 740 1400 secularibus
762 1337 908 1419 occupati
933 1338 1082 1418 spiritalia
1098 1337 1149 1401 itta

123 1450 176 1500 ant
203 1439 391 1522 negligunt,
425 1449 476 1500 aut
510 1437 557 1500 liis
584 1435 736 1498 inferiora
765 1439 905 1512 ducunt,
939 1449 1020 1520 quot
1045 1436 1147 1502 motlls

123 1539 292 1603 Christiani
310 1560 377 1601 non
396 1549 470 1600 sunt
488 1536 548 1618 ipsi
568 1536 617 1610 hi,
642 1548 676 1598 ut
696 1559 736 1599 ne
759 1537 925 1618 pontifices
950 1537 1147 1602 arbitremur.

123 1653 155 1704 ct
183 1639 322 1703 ecclesie
352 1636 540 1718 principes?
585 1635 648 1719 Qui
680 1636 807 1699 ferendi
842 1647 948 1700 essent
978 1637 1085 1714 sorte,
1122 1636 1149 1701 si

122 1752 242 1804 tantum
262 1741 342 1802 male
370 1739 536 1812 viverent,
567 1756 627 1798 nec
650 1739 746 1799 malos
775 1735 865 1799 etiam
891 1737 969 1801 alios
997 1736 1149 1813 tacerent,

123 1861 207 1903 nunc
235 1841 386 1922 aquibus
407 1837 583 1900 animorum
609 1835 731 1899 inlotus
758 1847 827 1899 erat
856 1836 1080 1917 accipiendus,
1111 1837 1151 1901 ab

124 1941 162 2002 iis
183 1942 320 2002 onmium
343 1938 498 2018 pernicies
522 1937 613 1999 redit.
650 1939 730 1998 Nam
750 1936 819 2019 quis
839 1936 971 2001 ulterius
995 1936 1151 2020 patientie

122 2044 227 2117 locus,
246 2042 372 2123 qnando
387 2061 444 2119 per
457 2039 698 2119 oppressionem
710 2036 857 2116 eripiunt,
878 2059 947 2122 quaa
961 2038 1151 2103 blandiendo

126 2142 198 2203 olim
228 2140 420 2222 captabant?
452 2152 483 2200 ct
520 2138 657 2201 ecclesiae
685 2135 871 2217 patrimonia
903 2151 1039 2221 rorant,
1081 2161 1153 2225 qne

123 2242 269 2323 precibus
289 2240 481 2303 emendicata
509 2239 599 2311 olim,
624 2238 858 2318 eleemosynam
876 2250 963 2301 recte
983 2240 1152 2304 dicebant?

121 2343 178 2402 sed
198 2342 438 2404 constitutiones
458 2337 651 2417 scripserunt
672 2336 751 2412 sibi,
780 2359 916 2422 quarum
934 2349 1022 2401 metu
1043 2360 1152 2404 omnes

122 2441 311 2520 accipiendas
338 2445 403 2513 lm,
431 2449 463 2500 ct
491 2436 687 2500 mussitandae
711 2450 784 2500 sunt
802 2437 947 2517 injuriae.
986 2440 1054 2502 Nec
1080 2439 1153 2504 satis

122 2544 224 2603 visum
237 2561 374 2601 annones
385 2557 455 2600 csse
465 2536 617 2617 scriptos,
638 2547 670 2597 ct
683 2538 825 2614 decreta,
845 2541 948 2620 paleas
965 2539 1154 2605 addiderunt

123 2642 242 2714 adhuc,
271 2650 302 2698 et
322 2647 600 2717 extravagantes,
622 2655 659 2696 ac
682 2637 924 2715 declaratorias,
951 2651 987 2703 ut
1008 2642 1153 2706 omnibus

124 2740 242 2801 scilicet
260 2739 319 2800 viis
341 2746 546 2798 occurrerent
563 2734 708 2812 veritati,
735 2760 844 2802 ornnes
864 2738 935 2821 ejus
949 2741 1157 2821 observarent

124 2852 228 2902 motus
234 2882 244 2911 ,
269 2860 392 2901 onmem
417 2837 621 2899 occlutlerent
641 2838 770 2899 exitum.
808 2839 872 2918 Qui
894 2861 967 2932 curn
986 2853 1034 2903 tot
1052 2843 1155 2906 modis

123 2951 257 3005 enecent
281 2940 442 3002 hominum
463 2937 598 3012 estimas,
620 2936 784 3018 quomodo
797 2937 916 3002 Christi
938 2939 1074 3002 vicarios
1093 2939 1157 3003 dici

121 3040 314 3103 conveniet?
334 3063 396 3124 qua
406 3038 537 3104 instituti
546 3035 771 3099 similitudine?
784 3037 829 3099 At
843 3037 975 3100 Petrum
986 3038 1156 3122 aliquando

120 3142 294 3222 respiciens
312 3141 363 3205 ille
382 3140 479 3202 nisit:
508 3140 608 3202 Pasce
628 3158 707 3201 oves
722 3156 827 3229 meas,
852 3136 895 3200 Hi
915 3136 1158 3222 qnidlaciuntl

122 3268 230 3307 nonne
264 3246 451 3306 exhaustum
485 3239 604 3320 rapinis
636 3238 677 3301 ad
704 3237 820 3301 semem
850 3247 972 3319 coguut
1003 3239 1157 3319 populum

124 3342 352 3419 Christianum,
386 3341 481 3404 toties
499 3340 726 3423 ‹leglnbentes,
750 3351 784 3402 et
802 3338 842 3401 ad
862 3337 972 3401 vivum
992 3338 1157 3403 tondendo

123 3455 301 3504 resecantes
326 3463 458 3526 gregem
479 3439 592 3506 hunc?
620 3440 804 3522 iterumque
833 3437 1025 3520 respiciensr
1061 3440 1103 3501 Et
1122 3450 1157 3505 tu

124 3562 315 3617 cernemus,
347 3540 466 3622 inquit,
494 3544 646 3605 confirma
664 3541 777 3604 iratres
798 3550 892 3603 tuos:
912 3540 962 3602 Ne
980 3542 1042 3602 hoc
1060 3538 1158 3605 iidem

124 3642 155 3704 tt
168 3640 297 3715 fuciunt,
318 3641 462 3723 qnotidie
475 3653 680 3718 attenuantes,
701 3652 733 3702 et
744 3639 996 3713 inanientesnos,
1016 3657 1156 3721 semper·

125 3763 189 3824 que
202 3741 299 3819 magis
320 3761 354 3800 ac
370 3740 469 3821 magis
480 3742 689 3816 infirmantes,
708 3758 944 3822 nonnunquam
955 3749 1039 3801 totos
1051 3738 1085 3800 vi
1095 3736 1156 3803 tut.

121 3843 214 3905 minis
228 3841 276 3903 sui
298 3850 518 3915 conterentes,
538 3852 569 3903 et
583 3841 809 3905 interimentes.
845 3841 940 3902 Adeo
958 3843 1054 3902 multa
1072 3845 1155 3906 sunt,

125 3966 195 4024 quae
210 3942 324 4003 animas
340 3940 502 4002 lrominum
517 3939 693 4021 perimunt,
720 3938 784 4002 nisi
795 3941 905 4004 Rome
919 3942 971 4002 liat
984 3938 1155 4025 consessio,

124 4042 223 4123 Quasi
244 4062 323 4105 vcro
343 4039 398 4104 ubi
418 4051 549 4123 aegrotet
570 4043 658 4125 quis,
679 4040 723 4102 ibi
741 4058 852 4103 sanare
873 4060 950 4103 oum
965 4059 1032 4102 non
1054 4039 1156 4114 liceat,

123 4155 155 4203 et
176 4142 227 4205 ubi
247 4158 357 4224 peccet
384 4142 474 4225 quis,
507 4138 549 4206 ibi
571 4163 631 4226 pro
660 4142 826 4207 commisso
846 4141 1014 4225 impetrare
1032 4139 1156 4204 reniam

124 4244 326 4325 non-possit,
363 4255 458 4328 atque
479 4244 538 4309 ista
557 4244 733 4308 necessaria
752 4243 791 4306 sit
809 4240 1082 4316 circumcursatio,
1103 4252 1155 4304 ant
