2632 5086
128 878 136 893 .
194 824 262 895 586
449 818 702 896 tremorum
728 820 816 923 Reg.
841 821 946 921 epiri.

192 1012 351 1075 teterrime
368 1013 499 1093 postium
517 1012 631 1081 onmia.
668 1012 768 1096 Atqui
786 1012 920 1090 facient,
944 1013 1077 1089 taciem,
1097 1016 1140 1078 itu
1157 1037 1211 1079 nte

191 1111 338 1176 Christus
361 1114 464 1174 umet!
504 1114 681 1198 Numquam
699 1112 784 1175 euim
802 1112 891 1176 intra·
902 1116 1027 1198 aliquos
1042 1119 1122 1180 fines
1142 1117 1213 1180 itto-

191 1234 264 1283 runr
282 1212 366 1276 stetit
385 1211 555 1293 cupiditas:
583 1235 745 1297 nunquam
763 1215 891 1277 modum
904 1215 1029 1278 hebuit:
1051 1238 1111 1279 nec
1123 1238 1214 1280 men·

192 1334 297 1378 ruram
320 1314 393 1375 fert.
433 1303 582 1375 Proinde
600 1312 731 1376 muitum
758 1314 872 1386 refert,
904 1313 936 1375 in
962 1316 1107 1397 presenti
1133 1319 1215 1401 quid

192 1412 335 1495 judiees,
356 1436 407 1477 me
425 1412 613 1492 presertim,
638 1413 816 1476 hauddum
837 1413 962 1489 audito,
988 1416 1044 1477 sed
1064 1417 1217 1497 cupiente

193 1516 277 1595 apud
296 1526 327 1575 te
345 1514 499 1595 judicem,
531 1514 761 1597 quamprimum
780 1515 889 1588 votes,
921 1533 1048 1577 cuusuru
1066 1517 1146 1579 hane
1165 1517 1215 1579 ‹ti-

192 1636 277 1680 cere.
316 1615 398 1693 Quia
417 1627 571 1678 servatam
590 1614 677 1676 volui
697 1613 843 1694 patrium,
873 1614 942 1694 ipse
961 1614 1086 1696 perdar.
1123 1616 1214 1694 Quid

190 1717 288 1784 furies
315 1715 498 1797 parricidis,
528 1715 555 1777 si
574 1715 635 1776 hoe
654 1734 716 1795 ego
742 1712 868 1776 merui?
897 1715 981 1794 Quia
1000 1717 1122 1779 solvere
1143 1737 1213 1778 om-

191 1817 279 1880 nium
306 1818 431 1879 vincula
450 1835 519 1878 sum
538 1814 722 1896 adgressus,
756 1815 824 1895 ipse
844 1814 975 1877 vinciar.
1025 1814 1110 1893 Quid
1127 1815 1216 1880 seret

193 1916 325 2001 quilibet
343 1916 438 1989 latro,
465 1915 492 1978 ri
512 1916 553 1978 de
571 1934 621 1977 me
640 1916 701 1978 hou
719 1914 859 1977 statues?
889 1913 999 1977 Meam
1016 1915 1129 1978 irruam
1148 1937 1214 1997 ego

192 2018 341 2101 perdam,
373 2015 428 2098 qui
454 2017 632 2078 consultum
660 2026 721 2075 ture
746 2013 830 2075 teudi
854 2013 963 2076 voluit
992 2015 1089 2078 falsus
1108 2016 1214 2093 dicar,

195 2118 271 2201 quia
289 2137 400 2178 verum
419 2115 530 2189 docui3
550 2116 694 2189 occidar,
714 2113 787 2198 quin
808 2113 846 2174 ad
865 2113 963 2175 vitum
977 2116 1118 2179 hortatus
1132 2138 1215 2179 snm.

194 2218 270 2297 Quo
294 2216 395 2298 rapias
416 2235 524 2278 onmes
552 2212 716 2297 perjuros,
742 2214 919 2288 matetcos,
940 2214 1143 2295 impostores,
1165 2237 1216 2278 sa·

196 2317 348 2397 criiegos‚
369 2312 515 2387 sicarius,
534 2314 695 2376 haereticos
715 2325 747 2374 et
764 2313 958 2387 idololatras,
978 2314 1006 2376 si
1025 2311 1066 2376 de
1080 2314 1126 2376 his
1144 2314 1212 2375 fuc-

194 2415 234 2481 tir
255 2416 335 2479 hanc
355 2435 477 2498 poenam
495 2413 627 2476 sumes?
655 2416 705 2476 En
725 2413 843 2477 Christi
862 2413 1010 2476 vicarius!
1031 2413 1118 2475 Petri
1136 2433 1210 2475 suc·

194 2519 354 2581 cessores!
403 2516 456 2577 Tu
490 2535 585 2589 vero,
616 2512 733 2577 Caroie
766 2515 927 2596 prinecps!
962 2534 1003 2575 ne
1033 2513 1100 2575 sine
1129 2513 1213 2574 hune

194 2628 369 2701 perpetuos
402 2614 526 2694 imperii
555 2612 652 2688 hujus
676 2614 782 2677 hostes
808 2617 940 2695 primum
965 2636 1007 2676 ex
1031 2629 1081 2677 me
1107 2613 1216 2689 ferre,

191 2706 256 2781 hoc
275 2714 460 2778 innocentie
478 2734 553 2775 meru
573 2712 677 2790 spolio
696 2711 779 2789 frui,
809 2716 889 2777 hane
906 2715 1096 2797 triumphare
1114 2713 1218 2775 victo·

197 2814 276 2879 rimu
295 2813 468 2894 improbor-
518 2810 604 2892 Quid
632 2812 753 2875 nisiex
773 2836 829 2877 rua
848 2814 963 2878 malitia
982 2825 1066 2877 tuum
1087 2813 1219 2876 estima-

202 2923 274 2977 rent
300 2910 455 2986 indolem,
484 2932 522 2973 ea
549 2933 614 2973 non
634 2924 795 2994 peterent,
824 2936 893 2997 quae
913 2925 968 2989 tu,
996 2915 1025 2976 ri
1042 2914 1146 2975 bonus
1166 2935 1217 2988 eu,

197 3011 311 3088 immo,
333 3012 408 3096 quia
429 3012 564 3095 optimus
585 3033 637 3087 es,
655 3022 718 3076 tuni
736 3013 923 3089 mundabis,
944 3034 1039 3098 quam
1051 3013 1126 3092 ipsi,
1157 3013 1218 3075 nisi

198 3111 326 3196 pessimi
353 3123 475 3187 essent,
502 3108 622 3192 petere'
637 3133 703 3174 non
729 3112 865 3183 mellent:
894 3114 1002 3179 abste
1027 3113 1216 3195 praesertim,

196 3212 248 3276 uti
280 3212 439 3296 principe,
459 3211 506 3274 his
524 3209 716 3290 majoribus,
743 3216 944 3297 borgenne
962 3213 1061 3277 edito.
1100 3214 1218 3277 Petunt

198 3323 322 3388 umen,
342 3312 417 3394 quie
435 3311 594 3374 moderari
612 3333 684 3376 suus
704 3314 888 3396 cupiditates
901 3313 1055 3377 nesciunt.
1094 3312 1218 3377 Arnon

202 3409 294 3474 dubis
319 3423 369 3486 tu,
401 3410 477 3494 quia
504 3409 650 3475 oblivisci
674 3413 827 3498 requitatis
851 3434 919 3476 non
947 3413 1094 3477 sustines.
1142 3412 1217 3476 Seio

199 3514 298 3587 enim,
330 3522 362 3572 et
381 3521 503 3573 certum
522 3510 642 3589 haheo,
674 3536 745 3597 qum
766 3527 819 3576 tua
843 3526 893 3578 ert
910 3513 1067 3598 probitas,
1101 3513 1141 3575 ab
1160 3516 1220 3576 lire

199 3609 396 3690 turpitudine
413 3630 532 3673 summe
546 3623 579 3673 te
599 3614 787 3677 abhorrere:
807 3635 865 3675 nec
883 3635 1064 3694 passurum,
1083 3613 1224 3675 servitu·

198 3720 262 3774 tem
281 3722 398 3773 metere
419 3729 510 3787 eum,
531 3711 588 3794 qui
608 3712 689 3774 sevit
703 3715 894 3777 libertatem:
921 3713 1030 3799 etqui
1050 3734 1219 3783 commune

197 3810 250 3877 trie
270 3812 395 3874 solvere
413 3809 526 3892 jugum
545 3813 712 3895 adgressus
739 3825 801 3889 est,
832 3835 906 3879 eum
924 3824 1048 3879 catenas
1065 3813 1168 3888 ferre,
1186 3824 1223 3875 te

195 3909 359 4000 principe,
392 3931 458 3973 non
487 3912 581 3976 sines.
627 3912 658 3975 Si
680 3934 781 3978 essem
797 3915 933 3991 alienus,
954 3929 1058 3981 tamen
1077 3912 1221 3976 humani·

202 4010 273 4074 tatis
292 4013 354 4081 hoc
372 4011 504 4074 dictaret
521 4013 623 4087 ratio,
642 4024 679 4074 ut
698 4034 773 4078 cura
792 4030 876 4081 esset
892 4016 949 4079 tibi
962 4015 1167 4088 irmeneutiae,
1185 4023 1222 4076 ut

199 4111 386 4177 subvenires
405 4111 549 4189 adflicto,
568 4113 718 4177 liberares
737 4116 1002 4192 circumventum,
1021 4107 1222 4194 levares'op·

196 4233 354 4293 pressum.
393 4214 488 4275 Nunc
507 4213 533 4276 is
553 4236 642 4289 sum,
663 4232 759 4295 quem
778 4215 840 4280 uisi
859 4224 894 4279 tu
914 4236 1038 4290 servas,
1059 4213 1160 4298 quatis
1175 4233 1222 4289 er,

197 4310 261 4374 diei
281 4333 347 4376 non
366 4323 468 4393 potes.
507 4314 682 4392 Imperator
702 4334 736 4376 es
755 4331 808 4391 tu,
834 4315 953 4391 idest,
973 4314 1105 4396 publice
1125 4312 1223 4375 iiber·

195 4410 266 4474 tetis
286 4422 503 4481 conservator.
539 4414 583 4478 At
601 4434 671 4480 erse
690 4415 746 4499 qui
763 4427 876 4497 poter,
902 4414 1007 4481 donee
1025 4412 1132 4478 licebit
1150 4414 1221 4478 Ro·
