2618 5094
1098 462 1103 469 .

1097 474 1105 497 ἒ

235 838 306 911 538
518 830 758 931 [uspicientes
780 828 965 931 Dialogus.

231 1024 354 1105 agitur,
380 1035 411 1086 et
431 1024 550 1087 insonis
568 1024 706 1105 percitus
724 1033 782 1083 est.
825 1021 889 1084 Scd
906 1001 1059 1084 deridebo
1079 1018 1259 1082 homiuem.

233 1122 318 1202 Quid
338 1123 399 1199 sis,
420 1135 509 1205 pater
527 1123 659 1187 sancte?
678 1122 798 1186 indicto
815 1140 908 1209 conss
920 1140 969 1184 me
988 1119 1186 1184 damnabis?
1204 1131 1258 1184 aut

232 1221 311 1308 quid
329 1226 389 1287 ute
408 1223 533 1288 mc'rui?

639 1318 699 1385 Cu
710 1320 849 1402 jetan.

174 1464 185 1477 ·
309 1423 382 1486 Hoc
400 1424 484 1487 enim
503 1422 632 1506 quidem
650 1422 727 1486 dixi.
771 1420 905 1485 Causam
922 1429 1026 1484 sutem
1051 1417 1145 1482 multi
1171 1438 1253 1505 (μοι

230 1523 377 1587 dumnsut
395 1524 579 1606 pontifices,
599 1535 632 1587 et
650 1542 762 1586 corum
780 1522 874 1605 legati
893 1543 959 1586 non
978 1522 1098 1584 dicunt.

692 1623 780 1685 Sol.

308 1722 407 1807 Atqui
429 1723 572 1807 iniquum
595 1724 658 1785 hoo
677 1733 777 1796 osset,
803 1721 864 1784 nisi
893 1741 951 1782 vos
970 1717 1131 1782 faceretis.
1170 1715 1251 1780 Mihi

233 1834 337 1888 sutem
354 1814 511 1906 propitius
529 1823 572 1887 sis
592 1842 719 1908 qnaeso,
744 1832 777 1884 st
795 1820 918 1884 veniam
936 1818 987 1882 ds

643 1921 671 1986 C
683 1918 849 2002 ujetun.

308 2025 383 2086 Hoc
415 2024 573 2105 agendum
602 2032 682 2096 erat,
719 2031 750 2084 et
780 2020 949 2094 orandum,
981 2028 1018 2079 ut
1045 2036 1087 2077 ne
1117 2014 1250 2097 perires.

232 2116 344 2205 ltaque
363 2135 436 2205 post
454 2126 509 2185 hac
527 2121 626 2202 jubeo
645 2143 695 2184 me
715 2121 885 2195 observes,
905 2117 1016 2182 ubiubi
1036 2136 1118 2178 sum.
1160 2118 1249 2176 hunc

231 2234 336 2286 sutem
365 2222 397 2283 iu
418 2223 585 2284 Germania
609 2225 710 2287 claros
737 2236 773 2283 ut
797 2219 865 2282 dies
884 2217 996 2292 focius,
1028 2237 1065 2277 ac
1083 2215 1118 2277 vi
1138 2217 1249 2278 caloris

229 2323 278 2384 tui
308 2321 407 2402 frigus
434 2341 555 2399 arceas,
586 2321 676 2407 quod
700 2323 760 2385 sub
785 2322 889 2403 ipsum
911 2319 1114 2383 nuncetiam
1143 2320 1250 2385 iulium

229 2442 280 2489 mc
301 2421 435 2486 iidestat.

694 2522 716 2582 S
729 2541 748 2584 o
759 2522 780 2583 1.

304 2622 399 2687 Prius
418 2622 562 2685 fecissem
581 2624 642 2685 hoc
660 2622 762 2697 idem,
784 2622 843 2684 scd
860 2622 957 2685 multa
980 2620 1157 2686 arbitrabar
1177 2623 1251 2685 ciam

229 2723 336 2787 fucere
350 2734 399 2797 te,
421 2744 490 2805 quae
503 2724 603 2785 nolles
615 2723 724 2787 videte
737 2721 880 2784 homiues
893 2721 1113 2783 iuGermuuis.
1143 2725 1252 2805 itaque

228 2820 365 2882 verebar
393 2822 420 2881 si
450 2820 580 2883 nimium
606 2824 688 2885 ctare
716 2824 823 2884 lucens
851 2822 1052 2887 ostenderem
1070 2843 1108 2886 ea
1127 2824 1255 2890 illorum

230 2918 350 2998 oculis,
371 2930 408 2983 ut
426 2918 527 2985 obiret
543 2924 607 2985 hoc
624 2922 680 2984 tibi
697 2922 781 2985 haud
799 2922 939 3002 impune.

645 3022 843 3101 cajetan.

308 3120 353 3184 At
370 3143 449 3185 vero
478 3144 548 3207 quur
573 3142 685 3185 arcana
702 3143 765 3204 ego
789 3120 910 3200 habeo,
939 3121 996 3207 qui
1015 3142 1128 3206 posses
1149 3136 1257 3190 osteo·

228 3219 308 3286 dere
328 3222 415 3300 aliis,
435 3242 507 3287 cum
526 3224 654 3307 ignores
676 3220 767 3304 ipse?

695 3323 783 3387 Sol.

309 3418 394 3484 Cum
414 3421 584 3504 ignorem?
600 3423 650 3513 ¹Et
669 3433 700 3484 te
719 3443 782 3505 ego
802 3424 909 3486 nescio
930 3423 1081 3489 Curoium
1101 3425 1256 3509 impedire

228 3538 332 3597 nunc,
367 3540 434 3604 quo
460 3521 564 3586 minus
593 3522 632 3584 ab
657 3545 719 3587 svo
748 3524 923 3589 destinetur
950 3525 981 3588 ei
1008 3528 1196 3590 successio?
1224 3538 1256 3591 et

228 3621 324 3685 multo
349 3631 500 3703 proteres
524 3622 651 3697 conari,
680 3645 750 3709 qus
776 3624 803 3688 si
829 3625 1005 3701 resciscant,
1023 3626 1195 3706 Gemoni,
1227 3627 1254 3691 si

222 3740 297 3789 non
315 3718 416 3797 aliud,
437 3731 522 3785 certe
541 3720 665 3786 hifense
688 3723 826 3788 oderint.

648 3821 831 3904 Csjetsn.

305 3918 457 3997 Oderint,
501 3920 579 3984 dum
605 3928 760 3987 metuunt!
801 3928 856 3993 Tu
880 3937 981 3993 tinen
1004 3882 1190 4011 hujusmodi
1212 3936 1252 3992 o'e

230 4022 344 4106 prode.
382 4020 415 4086 si
435 4030 545 4086 contra
563 4021 675 4099 iacias,
695 4027 855 4090 anathema
872 4026 927 4093 sis.

638 4124 860 4192 Phaethon.

305 4219 437 4299 Quium
455 4219 550 4285 sudio
570 4228 753 4305 tyrannum!

632 4322 837 4407 Csjetsn.

303 4418 486 4504 Quinetiam
512 4422 577 4487 tels
598 4421 709 4506 jubeo.
728 4426 883 4513 csmdins
905 4436 955 4507 te,
993 4439 1027 4495 et
1043 4429 1254 4515 pestilentium
