2632 5086
348 777 396 854 ad
421 779 610 855 Albertum
631 766 788 879 princip.
810 774 873 854 lib.
1049 782 1119 859 261

101 974 222 1037 infecto
251 973 429 1056 sanguine,
461 983 680 1055 corruptoque
708 983 741 1034 et
768 973 900 1048 adusto,
930 974 1015 1037 luem
1042 973 1121 1036 banc

102 1076 179 1137 oriri
205 1074 395 1136 dictitabant.
440 1076 548 1158 Atque
568 1075 633 1135 haec
657 1067 958 1155 inconprehensibili
977 1073 1048 1153 ejus
1070 1074 1123 1137 ad·

101 1179 162 1239 buc
178 1187 289 1236 natura
307 1174 545 1255 disputabantur
563 1173 727 1254 ambigue,
747 1195 832 1237 nunc
847 1186 1008 1254 comperta
1028 1174 1123 1238 ratio·

100 1300 141 1339 ne
165 1276 380 1357 approbantur
398 1276 502 1337 etiam.
545 1275 705 1357 Juvatque
737 1275 883 1337 morbum
904 1279 987 1338 bunc
1011 1287 1123 1357 putare
1177 1335 1179 1338 Α

101 1377 184 1440 aliud
201 1376 277 1438 nihil
295 1397 382 1452 esse,
402 1397 497 1460 quam
516 1373 677 1461 depravati
697 1375 857 1457 sanguinis
874 1376 1030 1459 quandam
1048 1396 1123 1457 sup·

100 1463 316 1559 limationem,
351 1499 420 1560 quae
438 1487 512 1557 post
535 1476 567 1537 in
592 1486 732 1539 tumores
758 1487 791 1538 et
816 1478 920 1539 nodos
946 1476 1123 1540 consiccata

99 1579 283 1653 induretur,
318 1589 350 1637 ct
379 1574 471 1657 cujus
497 1577 658 1659 scaturigo
691 1577 781 1659 quasi
813 1579 956 1659 quaedam
988 1597 1007 1638 a
1042 1578 1122 1641 male

99 1682 212 1742 affecto
236 1680 368 1760 pullulet
386 1675 540 1758 jocinere.
590 1676 733 1758 Amplius
753 1698 823 1761 quae
849 1677 889 1740 sit
907 1676 977 1757 ejus
1001 1688 1121 1754 natura,

100 1780 156 1862 qui
177 1790 272 1841 status
301 1800 340 1840 ac
368 1774 522 1862 qualitas,
561 1784 682 1860 quantae
702 1776 843 1855 jamdiu,
884 1799 977 1861 quam
1004 1778 1121 1840 odiosae

101 1879 282 1962 quaestionis
302 1878 372 1942 cst?
403 1864 779 1959 (tua'concertationest
818 1879 906 1959 Quot
927 1876 1124 1959 opiniones?

99 1997 196 2062 'quarn
215 1979 307 2044 anxie
321 1977 511 2062 disputate?
545 1981 653 2060 Atque
678 1979 739 2039 hoc
761 1978 918 2058 praecipue
940 1979 973 2040 in
997 1978 1120 2055 morbo,

102 2090 251 2160 quantum
266 2090 374 2142 nostra
393 2090 480 2141 aetate
506 2078 629 2141 laboret
646 2078 820 2155 medicina,
850 2089 1046 2160 compertum
1065 2088 1125 2140 cst.-

101 2179 238 2241 Silebant
271 2181 309 2242 ab
339 2179 409 2263 ejus
441 2191 532 2253 ortu,
570 2190 670 2240 totum
696 2178 728 2241 in
761 2180 929 2242 Germania
957 2179 1121 2242 biennium

98 2279 222 2342 medici.
284 2280 363 2342 lnde
392 2280 425 2341 in
463 2279 563 2359 prima
592 2299 641 2341 tue
674 2289 741 2341 tunt
769 2270 905 2361 pueritia
937 2279 1121 2354 constituto,

97 2402 204 2443 curam
217 2392 398 2460 coeperunt,
421 2401 484 2461 qua
499 2380 613 2460 fruge,
634 2379 744 2442 tlocuit
758 2391 902 2442 evcrrtus.
929 2379 1009 2443 Ausi
1020 2390 1124 2442 tanen

97 2493 170 2544 sunt
192 2483 317 2543 exotica
334 2481 466 2543 miscere
482 2480 593 2555 nobis,
624 2491 656 2541 et
674 2483 770 2542 multa
789 2504 858 2564 quas
879 2478 1005 2543 minime
1025 2500 1122 2561 opor·
1197 2554 1200 2559 ²

96 2583 155 2643 tuit
173 2582 342 2643 inculcare.
384 2581 519 2643 Memini
542 2592 616 2643 tunc
644 2580 821 2662 apisoruut
844 2602 900 2642 esu
921 2579 1124 2643 interdictum

98 2683 288 2763 quibusdam
301 2681 400 2756 locis,
421 2681 510 2766 quod
526 2674 558 2742 in
571 2681 618 2742 liis
633 2680 795 2744 vermiculi
815 2681 1025 2744 nascebantur
1040 2679 1122 2761 atqti.

98 2781 193 2859 Unde
219 2779 304 2843 inlici
331 2782 527 2855 crederetur,
562 2793 593 2842 et
615 2782 716 2843 carnis
743 2781 899 2864 porcina,
936 2780 1122 2865 quocl‘illud

98 2881 296 2961 potissimum
316 2881 444 2957 animal,
480 2893 532 2944 aut
556 2884 616 2943 hoc
642 2895 695 2945 aut
719 2884 859 2969 quodam
880 2880 955 2945 huic
981 2904 1048 2945 nou
1068 2882 1123 2943 ab·

98 2980 190 3045 simili
210 2981 322 3045 ulceris
341 3002 460 3065 genere
478 2983 648 3046 laborabat.

506 3394 619 3459 Carus
657 3392 715 3458 111.

239 3572 282 3645 ln
306 3595 400 3668 quos
423 3573 575 3645 morbos
600 3574 789 3646 derivetur
816 3573 988 3648 Gallicus.

172 3784 293 3850 Levem
319 3789 398 3851 hatto
424 3790 507 3851 luem
536 3788 657 3864 iaciunt
684 3810 754 3871 quse
779 3801 1020 3875 consequuntur
1051 3807 1121 3851 eam

98 3886 263 3950 atrociora.
311 3890 358 3952 lta
381 3890 414 3950 in
435 3890 531 3951 inulta
556 3888 721 3952 derivatur
742 3890 828 3953 enim
849 3892 1058 3962 haemulum,
1084 3900 1122 3951 ut

93 3989 126 4050 in
150 4009 213 4050 urio
242 3990 345 4054 inesse
366 3990 496 4053 morbos
525 4010 634 4052 omnes
658 3988 761 4051 videri
789 3991 898 4071 possit.
948 3992 976 4052 Ε
1004 3989 1119 4072 quibus

92 4099 141 4151 est
162 4089 242 4153 acris
270 4092 615 4179 articulorumtlolor,
648 4089 783 4170 primum
811 4090 939 4173 quidem
975 4089 1119 4171 simplex,

89 4187 206 4251 deinde
231 4195 303 4275 quac
321 4194 431 4254 tlolcnt
455 4188 741 4253 extumescentibus
765 4190 929 4266 membriS,
959 4188 1118 4267 nonnulis

91 4296 159 4370 quac
178 4291 398 4355 intumuerunt
417 4290 621 4376 collectiones
639 4302 672 4352 et
694 4292 825 4368 tubera,
854 4290 911 4354 ubi
931 4294 1027 4374 paulo
1046 4303 1119 4370 post

91 4389 326 4455 obcalluerunt.
357 4391 419 4452 (lici
444 4414 508 4455 nou
533 4401 654 4472 potest,
687 4408 771 4475 quos
791 4390 873 4454 intra
898 4408 934 4453 se
961 4390 1118 4453 cruciatus
