2632 5086
575 731 750 829 Epistola.
1129 739 1172 815 89
1201 738 1204 746 ’

140 927 177 991 'm
197 924 608 1009 manupretiosum,
639 924 792 1006 adjecisse
811 927 930 990 ridear.
978 930 1049 1010 Qua
1068 929 1101 990 in
1120 948 1173 1004 re,

145 1050 336 1112 quamquam
364 1048 433 1089 non
460 1027 565 1090 onmia
583 1028 719 1089 lortunsc
738 1029 817 1104 sint,
850 1030 979 1112 aliquod
1002 1030 1051 1091 illa
1071 1041 1174 1091 tamen

145 1131 192 1193 ibi
210 1139 409 1191 momentum
426 1128 540 1201 habet3
568 1149 604 1188 ac
622 1129 749 1203 nescio,
778 1152 818 1192 an
836 1130 870 1191 id
883 1135 914 1206 ⁴‘)
933 1133 1064 1193 multum
1083 1133 1175 1192 etiam

146 1231 250 1312 pessit.
287 1229 399 1291 Vides
420 1228 524 1301 enim,
553 1228 668 1311 quibus
688 1230 901 1306 adminiculis,
930 1231 986 1312 qui
1005 1232 1174 1315 aliquando

148 1335 338 1403 clarescunt,
361 1328 452 1412 quod
471 1328 530 1390 etsi
543 1350 608 1390 non
628 1329 696 1392 sine
715 1332 837 1393 virtutis
851 1335 1039 1415 plerumque
1060 1331 1177 1412 injuria

143 1434 189 1504 fin
203 1433 255 1508 *Ἴ
277 1451 486 1520 communem
506 1440 609 1491 tamen
624 1432 856 1493 accusationem
875 1435 996 1512 cll'ugit.
1035 1435 1097 1496 Sed
1115 1435 1176 1494 hoc

144 1554 239 1615 genus
271 1531 466 1605 nobilitatis,
498 1532 588 1613 ‹puod
619 1542 720 1594 totum
743 1555 759 1592 a
786 1532 915 1594 lortuna
941 1546 1004 1605 est,
1040 1555 1101 1596 nec
1121 1535 1176 1596 ad·

142 1634 248 1709 lecto,
279 1644 317 1695 ut
337 1633 507 1706 frivolum,
537 1653 597 1693 uec
623 1652 662 1694 eo
683 1632 757 1694 milti
778 1655 858 1713 optts
879 1634 985 1697 video.
1026 1636 1176 1715 Quaedam

139 1747 231 1810 sunt,
262 1733 387 1816 quibus
406 1731 504 1794 irrvita
524 1733 672 1805 fortuna,
694 1734 761 1814 ipsa
773 1734 867 1796 etiam
881 1735 980 1796 virtus
996 1757 1061 1796 non
1075 1757 1176 1797 emer·

140 1837 202 1918 git,
239 1846 344 1916 atque
369 1833 414 1896 ibi
442 1833 528 1895 illam
558 1834 641 1897 verti
671 1845 773 1896 rotam
799 1835 913 1916 cupio,
946 1837 1028 1898 illam
1052 1836 1177 1898 intuear

141 1958 255 1998 cecam
293 1937 413 2012 Deam,
452 1935 590 1998 insanam
618 1939 876 2013 moderatricem,
917 1936 1019 1999 omnis
1050 1949 1175 2013 motus,

140 2038 245 2100 omnis
275 2036 435 2099 varietatis
464 2037 621 2118 reginam,
664 2050 782 2100 temere
815 2062 850 2102 se
877 2038 1175 2114 circumferentem,

140 2140 268 2201 infirme
289 2137 530 2211 consistentem,
551 2139 720 2214 incertam,
745 2140 981 2221 vagabundam,
1002 2150 1034 2200 et
1053 2160 1123 2222 quaa
1143 2137 1176 2200 iu

142 2238 224 2303 illius
247 2237 475 2299 contumeliam
495 2239 572 2320 fingi
591 2251 724 2318 possunt
750 2241 825 2313 alia3
856 2239 916 2314 ibi,
944 2240 1073 2321 inquam
1094 2258 1176 2318 opus

142 2338 474 2415 meminissemus,
509 2359 590 2419 opus
611 2361 681 2402 esse
701 2340 807 2425 aliquo
829 2353 906 2423 puto
929 2340 1070 2401 secundo
1092 2349 1177 2399 rota·

144 2454 201 2518 tu,
232 2454 268 2504 ut
296 2442 435 2514 evehar,
468 2453 504 2502 ut
528 2445 696 2521 provehar.
743 2446 851 2525 Atque
876 2463 916 2503 co
943 2439 1100 2514 studium,
1134 2457 1177 2500 eo

150 2563 277 2624 operam
297 2542 432 2604 adverto
452 2553 484 2604 et
504 2542 645 2607 intendo.
694 2544 849 2607 Diversus
868 2543 937 2616 m)
959 2540 1111 2620 opinione
1135 2538 1177 2600 ab

143 2644 222 2721 illis,
253 2643 316 2727 qui
339 2643 557 2726 quodcunque
583 2657 645 2720 est,
678 2645 711 2706 id
738 2644 812 2705 satis
839 2645 979 2717 ducunt,
1009 2662 1080 2703 nam
1099 2637 1176 2703 mibi

144 2747 207 2806 tale
224 2745 301 2807 nihil
321 2743 397 2806 satis
416 2755 475 2806 est.
523 2744 561 2805 In
587 2767 653 2828 quo
681 2757 716 2807 ut
735 2744 913 2807 ambitionis
939 2742 1177 2805 consessionem

147 2845 216 2926 ipse
234 2845 289 2907 tibi
310 2867 381 2907 non
402 2856 521 2919 tortus,
556 2866 597 2906 ne
622 2857 752 2927 rogatus
773 2845 902 2928 quidem
922 2843 1027 2915 edidi;
1056 2844 1098 2903 ita
1117 2841 1175 2902 illis

144 2967 208 3009 aon
236 2946 386 3021 invideo,
419 2969 500 3029 quos
526 2948 566 3009 ab
590 2949 699 3009 inllmo
728 2965 933 3028 progressos,
966 2963 1067 3005 meam
1092 2954 1177 3002 tran·

143 3048 305 3111 sceudisse
325 3048 469 3130 contigit]
486 3060 623 3123 sortem,
650 3060 682 3109 et
708 3048 747 3109 ab
768 3046 946 3109 hominibus
971 3043 1034 3106 mei
1054 3042 1176 3105 ordinis

142 3149 233 3211 valde
254 3147 430 3222 dissentio,
462 3168 534 3223 eos,
570 3149 625 3231 qui
644 3149 773 3210 sordida
793 3148 922 3230 quidem
943 3145 1085 3226 origine,
1119 3142 1177 3207 sed

143 3250 268 3312 virtutis
288 3270 353 3330 ope
381 3251 569 3325 eluxerunt,
604 3250 761 3313 criminari
790 3249 906 3322 solitis;
943 3247 1064 3328 optimo
1092 3245 1177 3308 enim

142 3349 212 3430 jure
231 3349 450 3431 praeferuntur
466 3351 579 3426 nobis,
600 3352 658 3434 qui
676 3349 837 3413 materiam
853 3348 978 3430 gloriae,
1001 3369 1096 3430 quam
1115 3366 1176 3426 pro

142 3454 291 3534 neglecto
318 3449 379 3529 ipsi
406 3451 588 3526 habuimus,
626 3451 685 3514 sibi
714 3452 958 3530 desumpserunt
984 3460 1016 3510 et
1041 3465 1176 3524 occupa·
1245 3524 1248 3529 Δ

143 3563 231 3628 nant,
255 3550 352 3613 etiam
370 3549 526 3615 lullonum
540 3565 594 3614 aut
614 3554 789 3614 cerdonum
808 3552 864 3613 filii
884 3550 910 3612 si
930 3549 1010 3623 sint,
1032 3548 1177 3630 quando·

146 3653 275 3735 quidem
305 3652 428 3731 majore
459 3655 520 3715 hoc
550 3653 749 3727 difficultate,
784 3672 877 3734 quam
909 3670 969 3711 nos
994 3648 1176 3728 potuimus,

148 3753 285 3815 adsecuu
312 3765 397 3815 sunt.
435 3754 511 3815 Non
531 3765 650 3815 tautum
675 3755 788 3816 stultus
816 3764 863 3814 cst
889 3751 986 3827 igitur
1014 3747 1176 3809 illiteratus

147 3853 324 3934 quispiam,
357 3855 406 3929 ei,
438 3854 495 3936 qui
516 3854 614 3917 literis
642 3853 776 3927 enituit,
810 3852 974 3924 invidens,
1004 3850 1060 3911 scd
1081 3848 1176 3909 miser

151 3953 237 4017 mam
255 3965 323 4029 est,
343 3965 399 4016 aut
416 3954 609 4017 miserrimus
629 3954 747 4035 potius.
787 3955 863 4033 Quo
878 3952 960 4013 vitio
976 3949 1175 4029 peculiariter

150 4065 252 4116 nostra
269 4055 395 4116 laborat
420 4055 582 4130 nobilitas,
617 4067 652 4117 ut
673 4055 825 4117 atlversus
846 4050 1065 4131 lmjnsccmodi
1083 4069 1177 4111 orua-

152 4167 249 4215 menta
269 4154 402 4238 oblique
423 4156 595 4219 adficiatur.
643 4157 688 4219 At
709 4177 778 4238 quae
798 4174 855 4235 per
875 4152 1038 4215 Christum
1058 4149 1177 4213 invidia

156 4273 343 4290 Ψ--ι

185 4357 288 4413 Uaaeh
307 4381 350 4414 aa:
375 4369 547 4427 taoetgeaut.
584 4373 627 4424 ⁸⁸)
640 4376 688 4426 fit:
707 4371 756 4416 snt.
793 4358 857 4429 m)
875 4369 1014 4415 Dlversus:
1032 4366 1149 4414 diversus.
