2618 5094
396 840 501 918 Tfim
525 838 693 916 Romana
715 841 903 944 Dialogus„
1092 848 1164 930 459

140 1039 203 1102 hoc
226 1057 292 1098 non
312 1054 420 1098 omnes
445 1033 632 1096 consensuri
651 1032 862 1114 videbuntur,
892 1034 1084 1115 invenietur,
1109 1041 1166 1124 qui

140 1147 178 1200 ut
197 1136 236 1199 sit
257 1139 442 1221 episcopus,
461 1135 502 1197 de
522 1154 583 1199 suo
600 1144 694 1201 emet.

548 1251 577 1312 E
589 1271 607 1311 r
619 1272 639 1310 n
651 1250 703 1312 ho
713 1251 724 1312 l
734 1250 765 1313 d.

227 1353 343 1438 Neque
359 1353 465 1417 locum
485 1363 560 1414 tunc
578 1349 704 1415 habebit
723 1348 860 1414 electio?

579 1467 746 1532 Hutten.

221 1571 348 1633 Locum
365 1589 450 1645 non,
469 1568 588 1650 quippe
608 1565 773 1648 indignum
790 1569 851 1631 hoc
870 1571 993 1634 honore
1012 1569 1164 1653 judicabit

140 1670 287 1752 pontifex
306 1690 484 1749 enumpsem
495 1668 600 1743 illum,
616 1675 649 1727 et
667 1677 830 1751 egentem,
849 1671 933 1732 hunc
950 1668 1079 1735 divitem
1090 1694 1165 1756 pro-

139 1773 237 1836 babit.
275 1773 472 1854 Quamquam
490 1768 663 1849 prudentor
682 1765 777 1841 video
797 1790 963 1851 generose
982 1771 1044 1833 hoc
1061 1771 1095 1835 io
1109 1792 1165 1834 ue-

139 1872 231 1957 gntio
252 1870 422 1933 canonicos
441 1867 537 1931 hodie
555 1887 613 1949 per
632 1865 847 1947 Genuaniom,
876 1860 1105 1953 prevenientes
1123 1893 1165 1936 ne

137 1976 221 2039 male
239 1972 345 2036 audiet
363 1980 469 2057 pastor
488 1968 661 2032 Romanus.

548 2082 752 2149 Ernhold.

217 2190 292 2272 (tuo
311 2186 345 2250 id
362 2181 518 2259 consilio?

567 2301 734 2367 Huttcu.

215 2405 338 2485 Nempe
357 2404 384 2465 si
410 2399 543 2464 ecclesia
561 2406 725 2484 pecuniam
742 2424 808 2469 nou
826 2406 954 2481 hebeat,
984 2413 1016 2465 et
1035 2414 1164 2486 gravate

138 2507 255 2572 tribuat
274 2507 428 2588 populus,
448 2515 485 2565 ut
502 2504 689 2585 locupletem
700 2504 837 2590 aliquem
854 2506 988 2589 eligant,
1009 2503 1064 2589 qui
1077 2504 1164 2568 lette

138 2618 297 2686 sumptum
315 2602 431 2689 possit,
453 2601 545 2667 etium
565 2603 592 2665 si
610 2603 745 2670 idoneos
765 2607 884 2691 alioqui
903 2627 970 2671 non
988 2606 1038 2676 sit.

544 2720 761 2785 Esnhold.

216 2822 318 2905 lgitur
344 2832 431 2885 recte
458 2818 680 2902 exprobratum
705 2820 799 2884 uobis
823 2821 1079 2904 despectissiman
1097 2819 1165 2888 'ser-

140 2923 290 3006 vitutem,
311 2923 415 3006 quode
434 2921 590 2984 crviamus
608 2922 710 2997 ultro,
729 2941 836 3005 noque
854 2920 970 3015 iujiuiu
987 2922 1051 2988 dioi
1062 2944 1166 2991 mere·

138 3033 209 3129 mr,
230 3044 324 3108 quam
335 3023 406 3108 quis
419 3043 486 3087 nou
504 3020 604 3085 inito
622 3020 708 3084 lacit.

558 3122 738 3189 Hutten.

214 3226 257 3289 Ut
276 3225 336 3302 uis,
363 3244 476 3290 verum
494 3223 539 3286 illi
556 3221 716 3306 quoddam
734 3219 779 3284 ibi
799 3222 898 3286 adhue
915 3221 998 3284 bene
1016 3219 1164 3286 meritum

139 3339 232 3391 suum
250 3326 512 3406 interpretantur,
532 3323 711 3405 iactentque
728 3320 921 3404 diligentiam
938 3321 1079 3384 curando
1098 3321 1163 3386 ani-

138 3446 260 3498 marum
278 3426 411 3508 negotio
437 3444 540 3498 suom,
573 3435 606 3485 et
632 3442 673 3484 ne
698 3422 847 3505 indignus
873 3421 1022 3486 hahentur
1047 3423 1162 3498 honor,

139 3527 202 3587 hoc
231 3544 265 3586 se
292 3525 398 3588 lacere
427 3524 552 3601 dicunt,
584 3543 677 3609 quum
705 3520 944 3585 beneficentism
968 3533 1102 3598 mount,
1120 3522 1163 3586 ite

139 3643 223 3706 quos
249 3623 372 3703 injuriis
392 3636 538 3703 onerant,
573 3645 630 3688 eos
649 3625 750 3687 adhuc
771 3620 933 3688 beenon·
951 3623 1087 3687 soulers
1105 3624 1163 3687 lis-
1208 3705 1211 3709 Ι

139 3731 271 3791 notatos
290 3721 400 3785 videri·
411 3726 532 3791 volunt.
645 3776 647 3780 .

546 3840 761 3904 Ernhotu

214 3933 312 4020 Quod
332 3937 359 3998 si
378 3935 507 4000 rebellet
525 3942 680 4021 populus,
697 3951 729 4002 et
748 3937 830 4001 ordo
850 3935 993 4020 equitum
1011 3937 1085 4020 eligi
1103 3959 1159 4002 vo·

137 4039 173 4104 lit
191 4039 276 4122 frugi
295 4038 498 4119 episcopum,
529 4051 562 4100 et
590 4039 646 4125 qui
669 4038 839 4120 pecunimn
863 4057 931 4098 non
955 4047 1074 4099 tuntum
1093 4058 1160 4100 nou

137 4140 265 4217 habeut,
295 4139 351 4200 sed
370 4159 410 4200 ne
439 4139 545 4219 cupiat
562 4140 708 4224 quidem,
740 4148 891 4220 votetquo
909 4137 1080 4200 canonicos
1098 4160 1159 4218 pro

137 4240 232 4322 pallio
259 4241 311 4303 vel
335 4239 447 4320 stipem
475 4240 598 4304 mittere
628 4243 778 4314 Remum,
810 4239 1025 4322 undecunque
1049 4259 1087 4301 ea
1105 4240 1161 4300 liat

139 4340 302 4416 collectio,
329 4360 395 4402 non
414 4359 472 4419 per
491 4342 565 4405 alias
584 4341 763 4406 Germanias
776 4338 925 4405 eeclesim
941 4341 1003 4401 lsoc
1021 4360 1057 4400 ss.
1074 4337 1161 4405 dntiit

139 4441 340 4521 exemplum?
895 4434 903 4443 '¹
