2632 5086
694 148 699 163 a

683 190 691 209 δ

387 1330 389 1335 ⁴
460 1240 616 1305 Ulrichi
647 1241 691 1303 ab
717 1240 869 1304 Hutten
900 1244 968 1327 Eq.

241 1420 309 1493 -Ad
342 1417 646 1491 Henrichum
678 1418 1025 1511 Stromerum,
1061 1391 1180 1495 med.

463 1611 504 1662 in
538 1610 800 1663 Misauluih
835 1620 964 1664 suum

542 1773 879 1849 Pr·aefatio.‘'’)

208 2082 269 2177 Ne
288 2125 321 2174 tu
341 2133 408 2174 rem
427 2111 501 2173 mihi
524 2112 729 2191 periculosam
749 2110 887 2187 suasisti,
908 2113 1067 2176 Strorner!
1095 2116 1136 2177 de
1156 2115 1218 2177 viu

208 2214 305 2276 aulica
325 2223 360 2272 ut
379 2212 566 2287 scriberem,
591 2214 656 2276 boc
680 2211 874 2293 potissimum
893 2224 1052 2294 tempore,
1084 2235 1151 2296 quo
1172 2217 1227 2275 tot'

209 2312 371 2397 agentibus
396 2311 447 2372 hie
470 2309 679 2392 principibus,
709 2321 791 2371 tanta
811 2323 857 2391 est
877 2311 1048 2373 aulicorum
1068 2313 1219 2396 frequen·

208 2412 261 2475 tia.
299 2411 396 2493 Quasi
414 2412 477 2473 ullo
496 2412 591 2474 modo
613 2423 712 2473 tutum
731 2413 790 2486 sit,
810 2412 863 2474 has
884 2411 987 2491 spinas
1008 2423 1219 2489 contrectare,

208 2523 261 2575 aut
279 2511 453 2572 consultum
472 2532 527 2572 eos
548 2509 691 2585 irritare,
716 2510 831 2592 quibus
850 2511 940 2572 etiam
963 2510 989 2572 si
1008 2509 1139 2572 blandus
1158 2512 1217 2587 ris,

208 2630 274 2672 nnn
294 2610 460 2671 admodum
478 2611 610 2687 placeas.
654 2611 696 2670 Et
720 2611 771 2671 ‹tic
795 2610 885 2685 mihi,
918 2609 1100 2671 amicissime
1119 2611 1220 2672 homi-

208 2730 300 2784 num,
321 2709 398 2792 quid
418 2719 448 2767 te
467 2705 549 2787 juvit
566 2707 599 2769 in
617 2710 678 2770 hoc
698 2702 863 2771 discrimen
883 2710 1040 2772 abducere
1061 2709 1219 2771 amicum?

209 2829 268 2872 nec
295 2807 327 2868 in
351 2818 487 2871 mentem
510 2807 618 2884 venit,
646 2809 697 2869 cui
722 2831 772 2870 mc
797 2809 899 2871 sumai
927 2807 1076 2890 objicias,
1109 2820 1219 2871 contra

211 2928 304 2993 quam
323 2907 441 2980 rabiem
459 2908 593 2983 excites,
614 2909 782 2988 praesertim
797 2908 930 2970 aulicum
945 2921 976 2970 et
996 2910 1098 2989 ipsum
1117 2928 1219 2988 nuper

209 3006 343 3084 iactum,
362 3018 397 3068 ut
419 3007 451 3068 in
472 3010 540 3070 aulfi
559 3007 668 3085 jubeas
688 3029 738 3069 rne
757 3009 856 3071 aulam
874 3010 1054 3082 offendere,
1074 3019 1105 3069 et
1130 3007 1218 3090 quod

209 3106 272 3170 dici
291 3109 386 3182 solet,
409 3112 437 3169 iv
454 3120 555 3192 φριατι
575 3135 636 3172 uvat
655 3107 885 3185 μακισῖῐαιιΰῦ).ρ
920 3109 1006 3190 Quid
1020 3118 1115 3170 renat
1135 3105 1217 3169 aliud

209 3205 322 3289 igitur,
357 3207 416 3269 nisi
436 3220 472 3269 ut
493 3230 543 3272 me
573 3208 616 3270 ob
641 3210 694 3270 has
714 3208 783 3283 ***)
813 3227 929 3288 nugas,
958 3228 1026 3269 non
1053 3207 1086 3268 in
1111 3216 1218 3268 nostra

210 3304 336 3390 quidem
365 3309 451 3384 auia,
482 3306 515 3368 in
543 3329 606 3391 qna
632 3319 698 3370 tuta
729 3329 765 3370 ac
794 3309 957 3391 tranquilla
988 3317 1061 3369 sunt
1096 3304 1216 3381 omnia,

209 3425 320 3468 venun
345 3406 454 3468 ubiubi
479 3410 642 3488 negotium
658 3408 840 3483 incesserit,
874 3418 909 3469 ut
933 3407 1017 3487 apud
1035 3407 1092 3468 hos
1112 3424 1218 3467 rerum

210 3503 354 3566 dominos
375 3506 528 3583 agendum
547 3507 604 3582 sit,
631 3529 672 3569 ex
691 3507 890 3586 stipatoribus
915 3526 997 3567 unus
1016 3505 1123 3566 cubito
1142 3524 1217 3585 pro·

208 3605 330 3680 trudat,
351 3614 403 3666 aut
421 3603 536 3666 inflicta
556 3608 639 3668 calce
657 3606 843 3685 praecipitem
862 3603 983 3686 ejiciat,
1003 3600 1118 3667 deinte
1136 3603 1216 3666 fidu·

210 3703 258 3764 eia
289 3706 415 3785 plenus,
460 3704 534 3766 facti
565 3705 716 3767 ratibnem
747 3705 874 3780 reddat,
919 3715 950 3764 et
975 3704 1059 3780 uass)
1093 3722 1216 3765 cainam
1251 3746 1254 3760 .

210 3815 349 3879 tueatur,
379 3824 472 3886 quam
495 3804 571 3866 mihi
597 3804 779 3888 impugnare
804 3824 871 3866 non
893 3823 994 3886 usque
1013 3822 1140 3886 quaque
1159 3823 1216 3883 op·

210 3948 401 3966 μ

245 4043 273 4092 ¹)
293 4041 387 4086 Utrtctrt
403 4041 433 4086 ab
449 4041 542 4086 flueren
558 4039 601 4097 Bp.
619 4041 651 4084 ad
667 4040 782 4086 Henrtch.
799 4041 916 4086 Stramer.
935 4040 1051 4084 medicum
1073 4039 1099 4081 ta
1116 4038 1215 4082 Mtsau:

246 4128 295 4168 tum
312 4137 381 4171 auum
399 4126 478 4175 Pras.
495 4124 590 4170 sibber:
616 4123 643 4170 U.
669 4125 697 4171 de
715 4124 802 4169 Hutteu
827 4122 868 4178 aq.
888 4122 916 4167 ad
934 4122 1005 4166 Hem.
1023 4123 1133 4167 stromer.
1168 4123 1216 4165 Aa,

246 4206 388 4254 verbactunn
413 4207 529 4254 Medicum
556 4209 580 4254 br
604 4205 689 4252 Aulam
715 4218 780 4252 suam
803 4205 869 4252 nst.
922 4194 969 4262 w)
988 4194 1018 4257 ἓν
1038 4205 1137 4277 Optare
1156 4222 1215 4258 κυσι

244 4279 388 4347 penebat
421 4292 509 4341 treber.
552 4279 595 4356 φῦ
616 4286 713 4358 Optare
732 4302 790 4337 aun
808 4284 917 4344 μαλιασ
975 4283 1037 4351 m)
1064 4293 1124 4349 aas,
1151 4291 1216 4341 istu.

246 4372 325 4440 urse)
340 4386 382 4438 υ,
399 4390 434 4426 a·
