2632 5086
382 760 511 836 Febris
535 760 705 840 Secunda
727 764 914 869 Dialogus.
1084 776 1156 859 ⁴¹9

563 954 738 1026 Hntten.

212 1054 324 1135 Apage
350 1053 466 1130 febris,
491 1074 591 1137 spsge
611 1055 731 1135 lebrisl

573 1188 730 1255 Febris.

215 1286 263 1348 Ne
284 1287 400 1364 clame,
417 1285 480 1365 jem
499 1288 620 1353 carebis
640 1290 751 1369 febre,
770 1303 807 1357 ut
823 1293 913 1359 locus
931 1294 975 1361 sit
991 1298 1059 1363 eliis
1076 1299 1163 1381 spud
1213 1264 1216 1271 Ι

137 1399 169 1451 te
189 1388 319 1452 morbis.

570 1509 739 1572 Hutten.

214 1605 326 1685 Apage
346 1605 465 1668 febris!
491 1607 592 1671 insoni
612 1608 697 1672 eninr
715 1618 806 1686 sunt,
834 1609 1020 1696 quicunque
1039 1614 1083 1682 its
1100 1626 1166 1678 stu·

141 1705 233 1780 (lent,
255 1717 289 1768 ut
307 1707 423 1771 faciant
443 1720 596 1789 preterea
612 1707 699 1772 nibil.

572 1838 731 1904 Febris.

219 1940 276 2002 His
298 1939 404 2005 verbis
420 1961 530 2005 omnes
551 1938 722 2031 concitcbis
744 1939 780 2004 in
796 1952 830 2004 te
848 1941 1025 2021 studiosos,
1045 1946 1168 2023 tlreolo·

143 2061 258 2123 gerum
279 2036 422 2122 inprimis
443 2052 570 2104 sectam.

578 2156 748 2221 llutten.

220 2255 293 2319 Sani
313 2255 443 2338 quidem
462 2255 636 2320 irascentur
659 2257 731 2320 mihi
750 2255 837 2321 nulli.

584 2370 745 2437 Febris.

221 2472 265 2535 At
284 2470 348 2546 illi,
368 2473 424 2554 qui
443 2471 504 2535 sibi
524 2472 681 2539 videntur.

576 2589 744 2672 Huttqn.

225 2684 348 2765 Quibus
374 2695 408 2748 tn
435 2688 478 2748 itu
501 2690 662 2753 evaeussti
687 2690 809 2773 capite,
840 2701 877 2755 ut
895 2691 1020 2758 cerebri
1039 2690 1173 2757 babeam

150 2781 288 2866 singular
315 2785 370 2848 vix
394 2787 593 2852 semiuncias.

581 2903 738 2972 Febris.

226 3001 302 3065 Tibi
330 3000 461 3086 quidem
488 3004 688 3073 exhaurirern
713 3004 976 3071 contumeliosum
1001 3007 1064 3071 boc
1084 3023 1173 3081 ccre-

150 3104 281 3180 bellurn,
300 3103 328 3168 si
349 3102 577 3169 intromitteres
593 3105 709 3189 petlern
728 3110 824 3171 letum
840 3127 949 3171 unum.

223 3319 294 3382 lem
312 3317 346 3381 id
365 3318 451 3394 cavi,
473 3332 568 3405 atque
581 3222 768 3405 {rbbieerbh
796 3319 978 3406 loquacula!

585 3436 742 3502 Febris.

230 3532 368 3615 Propter
388 3536 446 3597 tris
466 3533 517 3597 ills
541 3538 666 3600 verbs?

582 3652 749 3717 Hutlen·
1141 3704 1145 3713 .

230 3747 369 3828 Propter
394 3754 665 3815 conversationem
690 3746 856 3813 exitiosum
881 3768 951 3814 curn
972 3744 1020 3822 liis
1045 3747 1175 3815 inllnitis

157 3845 218 3910 tuis
231 3844 364 3922 sabulis,
380 3848 421 3917 ud
434 3851 630 3928 secerdotes,
649 3852 690 3913 etl
701 3847 961 3927 concubinarios,
980 3850 1021 3915 sd
1032 3862 1174 3932 potores,

156 3949 197 4014 sd
216 3947 401 4031 Fuggeros‚
421 3950 689 4027 aduleratores,
711 3949 751 4013 nd
771 3948 928 4023 medicos,
957 3949 1177 4033 surripuisse

156 4050 196 4112 ed
215 4050 284 4114 illos
303 4047 439 4129 primum
460 4048 669 4117 Maximilisni
692 4048 821 4129 scribes.

592 4165 745 4232 Febris.

233 4264 298 4344 Qui
316 4263 517 4329 lucrabantur
535 4269 620 4348 apud
637 4267 742 4349 ipsum
759 4260 852 4330 nimis
872 4258 1025 4331 mullum?
1050 4261 1179 4350 iamque

160 4360 270 4426 divites
290 4363 324 4427 in
346 4367 492 4446 crepulo,
514 4379 546 4429 et
567 4367 686 4431 deliciis
705 4366 923 4440 irnolsscuutl
