<?xml version="1.0" encoding="UTF-8"?>
<!DOCTYPE html PUBLIC "-//W3C//DTD XHTML 1.0 Transitional//EN"
    "http://www.w3.org/TR/xhtml1/DTD/xhtml1-transitional.dtd">
<html xmlns="http://www.w3.org/1999/xhtml" xml:lang="en" lang="en">
 <head>
  <title>
</title>
<meta http-equiv="Content-Type" content="text/html;charset=utf-8" />
  <meta name='ocr-system' content='tesseract 3.04.00' />
  <meta name='ocr-capabilities' content='ocr_page ocr_carea ocr_par ocr_line ocrx_word'/>
</head>
<body>
  <div class='ocr_page' id='page_1' title='image "./ulrichiabhutten02mngoog_0278.png"; bbox 0 0 2632 5086; ppageno 0'>
   <div class='ocr_carea' id='block_1_1' title="bbox 820 430 824 437">
    <p class='ocr_par' dir='ltr' id='par_1_1' title="bbox 820 430 824 437">
     <span class='ocr_line' id='line_1_1' title="bbox 820 430 824 437; baseline 0 0"><span class='ocrx_word' id='word_1_1' title='bbox 820 430 824 437; x_wconf 82' lang='grc' dir='ltr'>ι</span> 
     </span>
    </p>
   </div>
   <div class='ocr_carea' id='block_1_2' title="bbox 203 810 926 915">
    <p class='ocr_par' dir='ltr' id='par_1_2' title="bbox 203 810 926 915">
     <span class='ocr_line' id='line_1_2' title="bbox 203 810 926 915; baseline 0.006 -25"><span class='ocrx_word' id='word_1_2' title='bbox 203 820 275 893; x_wconf 75' lang='grc'><strong>268</strong></span> <span class='ocrx_word' id='word_1_3' title='bbox 489 815 719 915; x_wconf 81' lang='lat' dir='ltr'><strong>DcGuajaci</strong></span> <span class='ocrx_word' id='word_1_4' title='bbox 744 810 926 894; x_wconf 77' lang='lat' dir='ltr'><strong>medicbia</strong></span> 
     </span>
    </p>
   </div>
   <div class='ocr_carea' id='block_1_3' title="bbox 102 1006 1238 4514">
    <p class='ocr_par' dir='ltr' id='par_1_3' title="bbox 203 1006 1238 1094">
     <span class='ocr_line' id='line_1_3' title="bbox 203 1006 1238 1094; baseline 0.007 -24"><span class='ocrx_word' id='word_1_5' title='bbox 203 1019 315 1089; x_wconf 85' lang='lat' dir='ltr'><strong>postca</strong></span> <span class='ocrx_word' id='word_1_6' title='bbox 337 1012 524 1091; x_wconf 81' lang='lat' dir='ltr'><strong>adjecerunt</strong></span> <span class='ocrx_word' id='word_1_7' title='bbox 551 1009 674 1094; x_wconf 87' lang='lat' dir='ltr'><strong>aliquos</strong></span> <span class='ocrx_word' id='word_1_8' title='bbox 698 1006 782 1069; x_wconf 89' lang='lat' dir='ltr'><strong>ultro</strong></span> <span class='ocrx_word' id='word_1_9' title='bbox 811 1010 892 1074; x_wconf 85' lang='lat' dir='ltr'><strong>dies.</strong></span> <span class='ocrx_word' id='word_1_10' title='bbox 929 1010 1054 1076; x_wconf 88' lang='lat' dir='ltr'><strong>Bibitur</strong></span> <span class='ocrx_word' id='word_1_11' title='bbox 1074 1013 1114 1075; x_wconf 87' lang='lat' dir='ltr'><strong>ad</strong></span> <span class='ocrx_word' id='word_1_12' title='bbox 1132 1013 1238 1077; x_wconf 89' lang='lat' dir='ltr'><strong>cibum</strong></span> 
     </span>
    </p>

    <p class='ocr_par' dir='ltr' id='par_1_4' title="bbox 208 1109 1237 1397">
     <span class='ocr_line' id='line_1_4' title="bbox 208 1109 1237 1195; baseline 0.005 -24"><span class='ocrx_word' id='word_1_13' title='bbox 208 1109 249 1172; x_wconf 90' lang='lat' dir='ltr'><strong>d&#39;c</strong></span> <span class='ocrx_word' id='word_1_14' title='bbox 277 1113 464 1176; x_wconf 87' lang='lat' dir='ltr'><strong>secundario</strong></span> <span class='ocrx_word' id='word_1_15' title='bbox 491 1112 644 1185; x_wconf 87' lang='lat' dir='ltr'><strong>decocto,</strong></span> <span class='ocrx_word' id='word_1_16' title='bbox 678 1128 745 1172; x_wconf 93' lang='lat' dir='ltr'><strong>non</strong></span> <span class='ocrx_word' id='word_1_17' title='bbox 773 1111 915 1191; x_wconf 87' lang='lat' dir='ltr'><strong>tepidum</strong></span> <span class='ocrx_word' id='word_1_18' title='bbox 942 1112 998 1176; x_wconf 86' lang='lat' dir='ltr'><strong>sed</strong></span> <span class='ocrx_word' id='word_1_19' title='bbox 1024 1112 1237 1195; x_wconf 79' lang='lat' dir='ltr'><strong>frigefactum,</strong></span> 
     </span>
     <span class='ocr_line' id='line_1_5' title="bbox 208 1212 1236 1295; baseline 0.003 -22"><span class='ocrx_word' id='word_1_20' title='bbox 208 1223 304 1295; x_wconf 87' lang='lat' dir='ltr'><strong>atque</strong></span> <span class='ocrx_word' id='word_1_21' title='bbox 318 1215 383 1275; x_wconf 69' lang='lat' dir='ltr'><strong>haec</strong></span> <span class='ocrx_word' id='word_1_22' title='bbox 399 1234 512 1275; x_wconf 84' lang='lat' dir='ltr'><strong>merrsar</strong></span> <span class='ocrx_word' id='word_1_23' title='bbox 525 1232 645 1274; x_wconf 88' lang='lat' dir='ltr'><strong>summa</strong></span> <span class='ocrx_word' id='word_1_24' title='bbox 663 1221 721 1274; x_wconf 85' lang='lat' dir='ltr'><strong>cst.</strong></span> <span class='ocrx_word' id='word_1_25' title='bbox 758 1212 838 1274; x_wconf 85' lang='lat' dir='ltr'><strong>llam</strong></span> <span class='ocrx_word' id='word_1_26' title='bbox 852 1234 948 1294; x_wconf 92' lang='lat' dir='ltr'><strong>supra</strong></span> <span class='ocrx_word' id='word_1_27' title='bbox 964 1216 1043 1278; x_wconf 89' lang='lat' dir='ltr'><strong>banc</strong></span> <span class='ocrx_word' id='word_1_28' title='bbox 1060 1233 1236 1277; x_wconf 84' lang='lat' dir='ltr'><strong>mensurant</strong></span> 
     </span>
     <span class='ocr_line' id='line_1_6' title="bbox 209 1312 1236 1397; baseline 0.004 -25"><span class='ocrx_word' id='word_1_29' title='bbox 209 1312 362 1395; x_wconf 84' lang='lat' dir='ltr'>progredi</span> <span class='ocrx_word' id='word_1_30' title='bbox 386 1315 488 1375; x_wconf 87' lang='lat' dir='ltr'><strong>adbuc</strong></span> <span class='ocrx_word' id='word_1_31' title='bbox 512 1334 608 1374; x_wconf 90' lang='lat' dir='ltr'><strong>nemo</strong></span> <span class='ocrx_word' id='word_1_32' title='bbox 633 1324 729 1374; x_wconf 85' lang='lat' dir='ltr'><strong>ausus</strong></span> <span class='ocrx_word' id='word_1_33' title='bbox 756 1322 813 1375; x_wconf 89' lang='lat' dir='ltr'><strong>est.</strong></span> <span class='ocrx_word' id='word_1_34' title='bbox 859 1314 1057 1397; x_wconf 78' lang='lat' dir='ltr'><strong>Quamquam</strong></span> <span class='ocrx_word' id='word_1_35' title='bbox 1075 1335 1141 1377; x_wconf 90' lang='lat' dir='ltr'><strong>non</strong></span> <span class='ocrx_word' id='word_1_36' title='bbox 1160 1332 1236 1376; x_wconf 88' lang='lat' dir='ltr'><strong>con·</strong></span> 
     </span>
    </p>

    <p class='ocr_par' dir='ltr' id='par_1_5' title="bbox 134 1413 1236 1899">
     <span class='ocr_line' id='line_1_7' title="bbox 134 1413 1234 1497; baseline 0.004 -23"><span class='ocrx_word' id='word_1_37' title='bbox 134 1476 137 1485; x_wconf 74' lang='grc'>,</span> <span class='ocrx_word' id='word_1_38' title='bbox 209 1422 344 1475; x_wconf 87' lang='lat' dir='ltr'><strong>tcmuam</strong></span> <span class='ocrx_word' id='word_1_39' title='bbox 364 1413 557 1493; x_wconf 86' lang='lat' dir='ltr'><strong>disputantes</strong></span> <span class='ocrx_word' id='word_1_40' title='bbox 577 1413 621 1475; x_wconf 93' lang='lat' dir='ltr'><strong>ibi</strong></span> <span class='ocrx_word' id='word_1_41' title='bbox 641 1413 802 1488; x_wconf 89' lang='lat' dir='ltr'><strong>medicos,</strong></span> <span class='ocrx_word' id='word_1_42' title='bbox 833 1414 867 1475; x_wconf 92' lang='lat' dir='ltr'><strong>in</strong></span> <span class='ocrx_word' id='word_1_43' title='bbox 886 1414 1076 1497; x_wconf 77' lang='lat' dir='ltr'><strong>corporibus</strong></span> <span class='ocrx_word' id='word_1_44' title='bbox 1096 1415 1184 1475; x_wconf 80' lang='lat' dir='ltr'><strong>sicce</strong></span> <span class='ocrx_word' id='word_1_45' title='bbox 1205 1427 1234 1489; x_wconf 82' lang='lat' dir='ltr'><strong>et</strong></span> 
     </span>
     <span class='ocr_line' id='line_1_8' title="bbox 210 1512 1234 1594; baseline 0.003 -20"><span class='ocrx_word' id='word_1_46' title='bbox 210 1513 316 1574; x_wconf 76' lang='lat' dir='ltr'><strong>calida</strong></span> <span class='ocrx_word' id='word_1_47' title='bbox 343 1523 557 1593; x_wconf 77' lang='lat' dir='ltr'><strong>temperaturae</strong></span> <span class='ocrx_word' id='word_1_48' title='bbox 587 1513 762 1594; x_wconf 84' lang='lat' dir='ltr'><strong>pericnlum</strong></span> <span class='ocrx_word' id='word_1_49' title='bbox 790 1512 881 1587; x_wconf 81' lang='lat' dir='ltr'><strong>lore,</strong></span> <span class='ocrx_word' id='word_1_50' title='bbox 919 1513 947 1577; x_wconf 87' lang='lat' dir='ltr'><strong>si</strong></span> <span class='ocrx_word' id='word_1_51' title='bbox 974 1515 1011 1576; x_wconf 88' lang='lat' dir='ltr'><strong>ad</strong></span> <span class='ocrx_word' id='word_1_52' title='bbox 1041 1514 1103 1576; x_wconf 87' lang='lat' dir='ltr'><strong>boc</strong></span> <span class='ocrx_word' id='word_1_53' title='bbox 1132 1516 1234 1577; x_wconf 85' lang='lat' dir='ltr'><strong>vietus</strong></span> 
     </span>
     <span class='ocr_line' id='line_1_9' title="bbox 210 1610 1235 1696; baseline 0.002 -21"><span class='ocrx_word' id='word_1_54' title='bbox 210 1610 374 1695; x_wconf 83' lang='lat' dir='ltr'><strong>adigantur</strong></span> <span class='ocrx_word' id='word_1_55' title='bbox 405 1634 527 1696; x_wconf 87' lang='lat' dir='ltr'><strong>genus,</strong></span> <span class='ocrx_word' id='word_1_56' title='bbox 564 1632 598 1678; x_wconf 86' lang='lat' dir='ltr'><strong>et</strong></span> <span class='ocrx_word' id='word_1_57' title='bbox 630 1613 783 1676; x_wconf 88' lang='lat' dir='ltr'><strong>Galcnum</strong></span> <span class='ocrx_word' id='word_1_58' title='bbox 811 1634 883 1684; x_wconf 85' lang='lat' dir='ltr'><strong>cum</strong></span> <span class='ocrx_word' id='word_1_59' title='bbox 912 1614 1107 1696; x_wconf 83' lang='lat' dir='ltr'><strong>Hippocrate</strong></span> <span class='ocrx_word' id='word_1_60' title='bbox 1138 1616 1235 1677; x_wconf 88' lang='lat' dir='ltr'><strong>addu-</strong></span> 
     </span>
     <span class='ocr_line' id='line_1_10' title="bbox 207 1712 1236 1800; baseline 0.008 -26"><span class='ocrx_word' id='word_1_61' title='bbox 207 1728 333 1788; x_wconf 88' lang='lat' dir='ltr'><strong>centes,</strong></span> <span class='ocrx_word' id='word_1_62' title='bbox 362 1712 417 1795; x_wconf 88' lang='lat' dir='ltr'><strong>qui</strong></span> <span class='ocrx_word' id='word_1_63' title='bbox 436 1714 514 1777; x_wconf 90' lang='lat' dir='ltr'><strong>locis</strong></span> <span class='ocrx_word' id='word_1_64' title='bbox 534 1712 637 1776; x_wconf 87' lang='lat' dir='ltr'><strong>multis</strong></span> <span class='ocrx_word' id='word_1_65' title='bbox 663 1732 774 1780; x_wconf 87' lang='lat' dir='ltr'><strong>contra</strong></span> <span class='ocrx_word' id='word_1_66' title='bbox 799 1715 992 1800; x_wconf 81' lang='lat' dir='ltr'><strong>exquisitum</strong></span> <span class='ocrx_word' id='word_1_67' title='bbox 1012 1715 1236 1781; x_wconf 82' lang='lat' dir='ltr'><strong>bunc-rictum</strong></span> 
     </span>
     <span class='ocr_line' id='line_1_11' title="bbox 206 1812 1235 1899; baseline -0.001 -22"><span class='ocrx_word' id='word_1_68' title='bbox 206 1812 326 1877; x_wconf 81' lang='lat' dir='ltr'><strong>sentire</strong></span> <span class='ocrx_word' id='word_1_69' title='bbox 353 1813 512 1877; x_wconf 79' lang='lat' dir='ltr'><strong>videntur.</strong></span> <span class='ocrx_word' id='word_1_70' title='bbox 552 1814 615 1878; x_wconf 87' lang='lat' dir='ltr'><strong>Scd</strong></span> <span class='ocrx_word' id='word_1_71' title='bbox 638 1833 700 1897; x_wconf 87' lang='lat' dir='ltr'><strong>ego</strong></span> <span class='ocrx_word' id='word_1_72' title='bbox 724 1834 766 1876; x_wconf 82' lang='lat' dir='ltr'><strong>ex</strong></span> <span class='ocrx_word' id='word_1_73' title='bbox 788 1814 852 1891; x_wconf 90' lang='lat' dir='ltr'><strong>bis,</strong></span> <span class='ocrx_word' id='word_1_74' title='bbox 879 1814 936 1899; x_wconf 90' lang='lat' dir='ltr'><strong>qui</strong></span> <span class='ocrx_word' id='word_1_75' title='bbox 952 1816 1053 1877; x_wconf 89' lang='lat' dir='ltr'><strong>adhuc</strong></span> <span class='ocrx_word' id='word_1_76' title='bbox 1073 1815 1123 1878; x_wconf 88' lang='lat' dir='ltr'><strong>usi</strong></span> <span class='ocrx_word' id='word_1_77' title='bbox 1149 1815 1235 1878; x_wconf 88' lang='lat' dir='ltr'><strong>Gna·</strong></span> 
     </span>
    </p>

    <p class='ocr_par' dir='ltr' id='par_1_6' title="bbox 131 1912 1236 2300">
     <span class='ocr_line' id='line_1_12' title="bbox 131 1912 1235 1997; baseline 0.002 -21"><span class='ocrx_word' id='word_1_78' title='bbox 131 1921 135 1929; x_wconf 89' lang='lat'>&#39;</span> <span class='ocrx_word' id='word_1_79' title='bbox 205 1912 279 1995; x_wconf 76' lang='lat' dir='ltr'><strong>iaco</strong></span> <span class='ocrx_word' id='word_1_80' title='bbox 299 1925 392 1988; x_wconf 77' lang='lat' dir='ltr'><strong>saint,</strong></span> <span class='ocrx_word' id='word_1_81' title='bbox 424 1915 594 1997; x_wconf 79' lang='lat' dir='ltr'><strong>periclitari</strong></span> <span class='ocrx_word' id='word_1_82' title='bbox 612 1920 770 1979; x_wconf 87' lang='lat' dir='ltr'><strong>nemiuem</strong></span> <span class='ocrx_word' id='word_1_83' title='bbox 791 1914 879 1990; x_wconf 83' lang='lat' dir='ltr'><strong>vidi,</strong></span> <span class='ocrx_word' id='word_1_84' title='bbox 915 1927 948 1976; x_wconf 87' lang='lat' dir='ltr'><strong>et</strong></span> <span class='ocrx_word' id='word_1_85' title='bbox 975 1916 1013 1976; x_wconf 91' lang='lat' dir='ltr'><strong>ab</strong></span> <span class='ocrx_word' id='word_1_86' title='bbox 1039 1915 1235 1996; x_wconf 77' lang='lat' dir='ltr'><strong>experientia</strong></span> 
     </span>
     <span class='ocr_line' id='line_1_13' title="bbox 205 2012 1234 2097; baseline -0.001 -20"><span class='ocrx_word' id='word_1_87' title='bbox 205 2013 414 2077; x_wconf 85' lang='lat' dir='ltr'><strong>monitionem</strong></span> <span class='ocrx_word' id='word_1_88' title='bbox 443 2015 579 2096; x_wconf 84' lang='lat' dir='ltr'><strong>colligo,</strong></span> <span class='ocrx_word' id='word_1_89' title='bbox 618 2036 684 2076; x_wconf 92' lang='lat' dir='ltr'><strong>non</strong></span> <span class='ocrx_word' id='word_1_90' title='bbox 718 2034 760 2078; x_wconf 79' lang='lat' dir='ltr'><strong>ex</strong></span> <span class='ocrx_word' id='word_1_91' title='bbox 791 2014 880 2079; x_wconf 89' lang='lat' dir='ltr'><strong>libris</strong></span> <span class='ocrx_word' id='word_1_92' title='bbox 913 2012 1099 2093; x_wconf 87' lang='lat' dir='ltr'><strong>doctrinam.</strong></span> <span class='ocrx_word' id='word_1_93' title='bbox 1149 2017 1234 2097; x_wconf 89' lang='lat' dir='ltr'><strong>Quin</strong></span> 
     </span>
     <span class='ocr_line' id='line_1_14' title="bbox 206 2112 1236 2200; baseline 0.003 -25"><span class='ocrx_word' id='word_1_94' title='bbox 206 2112 300 2176; x_wconf 86' lang='lat' dir='ltr'><strong>etiam</strong></span> <span class='ocrx_word' id='word_1_95' title='bbox 327 2113 432 2176; x_wconf 81' lang='lat' dir='ltr'><strong>calidae</strong></span> <span class='ocrx_word' id='word_1_96' title='bbox 460 2128 493 2177; x_wconf 87' lang='lat' dir='ltr'><strong>et</strong></span> <span class='ocrx_word' id='word_1_97' title='bbox 517 2114 606 2177; x_wconf 84' lang='lat' dir='ltr'><strong>siccae</strong></span> <span class='ocrx_word' id='word_1_98' title='bbox 638 2118 856 2196; x_wconf 77' lang='lat' dir='ltr'><strong>temperaturae</strong></span> <span class='ocrx_word' id='word_1_99' title='bbox 885 2117 953 2200; x_wconf 91' lang='lat' dir='ltr'><strong>ipse</strong></span> <span class='ocrx_word' id='word_1_100' title='bbox 984 2138 1075 2189; x_wconf 88' lang='lat' dir='ltr'><strong>sum,</strong></span> <span class='ocrx_word' id='word_1_101' title='bbox 1114 2137 1174 2178; x_wconf 90' lang='lat' dir='ltr'><strong>nec</strong></span> <span class='ocrx_word' id='word_1_102' title='bbox 1202 2116 1236 2178; x_wconf 93' lang='lat' dir='ltr'><strong>in</strong></span> 
     </span>
     <span class='ocr_line' id='line_1_15' title="bbox 206 2212 1235 2300; baseline 0.001 -23"><span class='ocrx_word' id='word_1_103' title='bbox 206 2212 344 2295; x_wconf 75' lang='lat' dir='ltr'><strong>phthisin</strong></span> <span class='ocrx_word' id='word_1_104' title='bbox 371 2230 423 2277; x_wconf 86' lang='lat' dir='ltr'><strong>aut</strong></span> <span class='ocrx_word' id='word_1_105' title='bbox 453 2215 603 2277; x_wconf 84' lang='lat' dir='ltr'><strong>hecticam</strong></span> <span class='ocrx_word' id='word_1_106' title='bbox 627 2214 734 2297; x_wconf 82' lang='lat' dir='ltr'><strong>adegit</strong></span> <span class='ocrx_word' id='word_1_107' title='bbox 756 2216 821 2278; x_wconf 85' lang='lat' dir='ltr'><strong>baec</strong></span> <span class='ocrx_word' id='word_1_108' title='bbox 840 2216 957 2290; x_wconf 80' lang='lat' dir='ltr'><strong>sames,</strong></span> <span class='ocrx_word' id='word_1_109' title='bbox 986 2218 1074 2300; x_wconf 90' lang='lat' dir='ltr'><strong>quod</strong></span> <span class='ocrx_word' id='word_1_110' title='bbox 1094 2230 1235 2279; x_wconf 88' lang='lat' dir='ltr'><strong>metuere</strong></span> 
     </span>
    </p>

    <p class='ocr_par' dir='ltr' id='par_1_7' title="bbox 199 2303 1234 2500">
     <span class='ocr_line' id='line_1_16' title="bbox 199 2303 1234 2398; baseline 0.002 -22"><span class='ocrx_word' id='word_1_111' title='bbox 199 2303 243 2377; x_wconf 86' lang='lat' dir='ltr'><strong>itti</strong></span> <span class='ocrx_word' id='word_1_112' title='bbox 262 2314 420 2380; x_wconf 80' lang='lat' dir='ltr'><strong>videntur.</strong></span> <span class='ocrx_word' id='word_1_113' title='bbox 459 2317 542 2398; x_wconf 91' lang='lat' dir='ltr'><strong>Quia</strong></span> <span class='ocrx_word' id='word_1_114' title='bbox 567 2330 670 2381; x_wconf 84' lang='lat' dir='ltr'><strong>autern</strong></span> <span class='ocrx_word' id='word_1_115' title='bbox 694 2336 763 2378; x_wconf 89' lang='lat' dir='ltr'><strong>non</strong></span> <span class='ocrx_word' id='word_1_116' title='bbox 801 2315 1018 2398; x_wconf 86' lang='lat' dir='ltr'><strong>imprudenter</strong></span> <span class='ocrx_word' id='word_1_117' title='bbox 1038 2316 1142 2377; x_wconf 86' lang='lat' dir='ltr'><strong>onmia</strong></span> <span class='ocrx_word' id='word_1_118' title='bbox 1159 2317 1234 2396; x_wconf 80' lang='lat' dir='ltr'><strong>pro-</strong></span> 
     </span>
     <span class='ocr_line' id='line_1_17' title="bbox 204 2414 1233 2500; baseline 0.001 -22"><span class='ocrx_word' id='word_1_119' title='bbox 204 2414 310 2481; x_wconf 84' lang='lat' dir='ltr'><strong>videri</strong></span> <span class='ocrx_word' id='word_1_120' title='bbox 326 2431 492 2497; x_wconf 87' lang='lat' dir='ltr'><strong>putantur,</strong></span> <span class='ocrx_word' id='word_1_121' title='bbox 515 2415 630 2494; x_wconf 83' lang='lat' dir='ltr'><strong>jubeo,</strong></span> <span class='ocrx_word' id='word_1_122' title='bbox 651 2415 677 2478; x_wconf 91' lang='lat' dir='ltr'><strong>si</strong></span> <span class='ocrx_word' id='word_1_123' title='bbox 693 2417 766 2500; x_wconf 89' lang='lat' dir='ltr'><strong>quis</strong></span> <span class='ocrx_word' id='word_1_124' title='bbox 782 2415 825 2479; x_wconf 93' lang='lat' dir='ltr'><strong>ibi</strong></span> <span class='ocrx_word' id='word_1_125' title='bbox 841 2415 990 2481; x_wconf 88' lang='lat' dir='ltr'><strong>sollicitus</strong></span> <span class='ocrx_word' id='word_1_126' title='bbox 1007 2417 1061 2493; x_wconf 86' lang='lat' dir='ltr'><strong>sit,</strong></span> <span class='ocrx_word' id='word_1_127' title='bbox 1085 2416 1233 2479; x_wconf 83' lang='lat' dir='ltr'><strong>custodes</strong></span> 
     </span>
    </p>

    <p class='ocr_par' dir='ltr' id='par_1_8' title="bbox 102 2501 1236 2703">
     <span class='ocr_line' id='line_1_18' title="bbox 102 2501 1235 2601; baseline -0.004 -20"><span class='ocrx_word' id='word_1_128' title='bbox 102 2555 106 2565; x_wconf 93' lang='lat'>·</span> <span class='ocrx_word' id='word_1_129' title='bbox 204 2517 346 2581; x_wconf 83' lang='lat' dir='ltr'><strong>medicos</strong></span> <span class='ocrx_word' id='word_1_130' title='bbox 370 2519 518 2580; x_wconf 79' lang='lat' dir='ltr'><strong>adbibere</strong></span> <span class='ocrx_word' id='word_1_131' title='bbox 548 2514 630 2592; x_wconf 88' lang='lat' dir='ltr'><strong>sibi,</strong></span> <span class='ocrx_word' id='word_1_132' title='bbox 663 2519 752 2601; x_wconf 87' lang='lat' dir='ltr'><strong>qnod</strong></span> <span class='ocrx_word' id='word_1_133' title='bbox 773 2517 891 2580; x_wconf 87' lang='lat' dir='ltr'><strong>dictmn</strong></span> <span class='ocrx_word' id='word_1_134' title='bbox 918 2516 989 2579; x_wconf 88' lang='lat' dir='ltr'><strong>satis</strong></span> <span class='ocrx_word' id='word_1_135' title='bbox 1010 2517 1070 2590; x_wconf 91' lang='lat' dir='ltr'><strong>sit,</strong></span> <span class='ocrx_word' id='word_1_136' title='bbox 1106 2501 1143 2578; x_wconf 85' lang='lat' dir='ltr'><strong>ut</strong></span> <span class='ocrx_word' id='word_1_137' title='bbox 1162 2515 1235 2579; x_wconf 90' lang='lat' dir='ltr'><strong>reli·</strong></span> 
     </span>
     <span class='ocr_line' id='line_1_19' title="bbox 201 2616 1236 2703; baseline -0.002 -22"><span class='ocrx_word' id='word_1_138' title='bbox 201 2639 267 2702; x_wconf 88' lang='lat' dir='ltr'><strong>qua</strong></span> <span class='ocrx_word' id='word_1_139' title='bbox 286 2639 472 2703; x_wconf 89' lang='lat' dir='ltr'><strong>prosequar.</strong></span> <span class='ocrx_word' id='word_1_140' title='bbox 512 2617 627 2681; x_wconf 86' lang='lat' dir='ltr'><strong>Omnia</strong></span> <span class='ocrx_word' id='word_1_141' title='bbox 647 2617 773 2680; x_wconf 85' lang='lat' dir='ltr'><strong>interim</strong></span> <span class='ocrx_word' id='word_1_142' title='bbox 796 2616 923 2700; x_wconf 87' lang='lat' dir='ltr'><strong>negotia</strong></span> <span class='ocrx_word' id='word_1_143' title='bbox 943 2616 1087 2700; x_wconf 81' lang='lat' dir='ltr'><strong>ablegare</strong></span> <span class='ocrx_word' id='word_1_144' title='bbox 1108 2622 1236 2698; x_wconf 82' lang='lat' dir='ltr'><strong>oportet</strong></span> 
     </span>
    </p>

    <p class='ocr_par' dir='ltr' id='par_1_9' title="bbox 105 2716 1233 2901">
     <span class='ocr_line' id='line_1_20' title="bbox 105 2716 1233 2800; baseline 0.001 -22"><span class='ocrx_word' id='word_1_145' title='bbox 105 2745 110 2751; x_wconf 96' lang='lat'><em>·</em></span> <span class='ocrx_word' id='word_1_146' title='bbox 204 2738 341 2799; x_wconf 68' lang='lat' dir='ltr'><strong>agriam,</strong></span> <span class='ocrx_word' id='word_1_147' title='bbox 373 2738 483 2781; x_wconf 90' lang='lat' dir='ltr'><strong>omnes</strong></span> <span class='ocrx_word' id='word_1_148' title='bbox 509 2717 735 2780; x_wconf 85' lang='lat' dir='ltr'><strong>circumcidere</strong></span> <span class='ocrx_word' id='word_1_149' title='bbox 755 2717 917 2800; x_wconf 70' lang='lat' dir='ltr'><strong>gratiores</strong></span> <span class='ocrx_word' id='word_1_150' title='bbox 937 2716 1164 2797; x_wconf 82' lang='lat' dir='ltr'><strong>cogitationes,</strong></span> <span class='ocrx_word' id='word_1_151' title='bbox 1195 2717 1233 2779; x_wconf 92' lang='lat' dir='ltr'><strong>ab</strong></span> 
     </span>
     <span class='ocr_line' id='line_1_21' title="bbox 201 2816 1232 2901; baseline -0.002 -19"><span class='ocrx_word' id='word_1_152' title='bbox 201 2818 291 2882; x_wconf 86' lang='lat' dir='ltr'><strong>omni</strong></span> <span class='ocrx_word' id='word_1_153' title='bbox 319 2839 394 2880; x_wconf 90' lang='lat' dir='ltr'><strong>eura</strong></span> <span class='ocrx_word' id='word_1_154' title='bbox 418 2816 659 2901; x_wconf 85' lang='lat' dir='ltr'><strong>conquiescere.</strong></span> <span class='ocrx_word' id='word_1_155' title='bbox 707 2820 814 2901; x_wconf 83' lang='lat' dir='ltr'><strong>Quare</strong></span> <span class='ocrx_word' id='word_1_156' title='bbox 839 2832 872 2879; x_wconf 88' lang='lat' dir='ltr'><strong>et</strong></span> <span class='ocrx_word' id='word_1_157' title='bbox 898 2836 914 2879; x_wconf 88' lang='lat' dir='ltr'><strong>a</strong></span> <span class='ocrx_word' id='word_1_158' title='bbox 939 2816 1232 2892; x_wconf 80' lang='lat' dir='ltr'><strong>consultationibus,</strong></span> 
     </span>
    </p>

    <p class='ocr_par' dir='ltr' id='par_1_10' title="bbox 103 2915 1234 4203">
     <span class='ocr_line' id='line_1_22' title="bbox 103 2915 1233 3001; baseline -0.005 -15"><span class='ocrx_word' id='word_1_159' title='bbox 103 2976 112 2986; x_wconf 84' lang='lat'><em>.</em></span> <span class='ocrx_word' id='word_1_160' title='bbox 204 2929 236 2981; x_wconf 85' lang='lat' dir='ltr'><strong>et</strong></span> <span class='ocrx_word' id='word_1_161' title='bbox 268 2924 286 2980; x_wconf 74' lang='lat' dir='ltr'><strong>b</strong></span> <span class='ocrx_word' id='word_1_162' title='bbox 321 2918 432 2983; x_wconf 70' lang='lat' dir='ltr'><strong>studiis</strong></span> <span class='ocrx_word' id='word_1_163' title='bbox 467 2918 561 2983; x_wconf 91' lang='lat' dir='ltr'><strong>etiam</strong></span> <span class='ocrx_word' id='word_1_164' title='bbox 596 2918 791 2981; x_wconf 88' lang='lat' dir='ltr'><strong>vacationem</strong></span> <span class='ocrx_word' id='word_1_165' title='bbox 832 2915 997 2994; x_wconf 90' lang='lat' dir='ltr'><strong>indicunt,</strong></span> <span class='ocrx_word' id='word_1_166' title='bbox 1038 2915 1233 3001; x_wconf 84' lang='lat' dir='ltr'><strong>jubeturque</strong></span> 
     </span>
     <span class='ocr_line' id='line_1_23' title="bbox 202 3017 1234 3101; baseline -0.004 -18"><span class='ocrx_word' id='word_1_167' title='bbox 202 3019 324 3084; x_wconf 84' lang='lat' dir='ltr'><strong>artimus</strong></span> <span class='ocrx_word' id='word_1_168' title='bbox 347 3020 386 3081; x_wconf 85' lang='lat' dir='ltr'><strong>ab</strong></span> <span class='ocrx_word' id='word_1_169' title='bbox 410 3020 495 3083; x_wconf 81' lang='lat' dir='ltr'><strong>onrrri</strong></span> <span class='ocrx_word' id='word_1_170' title='bbox 520 3019 646 3101; x_wconf 84' lang='lat' dir='ltr'><strong>penitus</strong></span> <span class='ocrx_word' id='word_1_171' title='bbox 670 3018 855 3101; x_wconf 85' lang='lat' dir='ltr'><strong>operatione</strong></span> <span class='ocrx_word' id='word_1_172' title='bbox 879 3040 1009 3082; x_wconf 89' lang='lat' dir='ltr'><strong>securus</strong></span> <span class='ocrx_word' id='word_1_173' title='bbox 1032 3039 1121 3093; x_wconf 83' lang='lat' dir='ltr'><strong>esse,</strong></span> <span class='ocrx_word' id='word_1_174' title='bbox 1148 3029 1180 3080; x_wconf 89' lang='lat' dir='ltr'><strong>et</strong></span> <span class='ocrx_word' id='word_1_175' title='bbox 1200 3017 1234 3080; x_wconf 93' lang='lat' dir='ltr'><strong>in</strong></span> 
     </span>
     <span class='ocr_line' id='line_1_24' title="bbox 202 3118 1234 3204; baseline -0.004 -19"><span class='ocrx_word' id='word_1_176' title='bbox 202 3122 399 3204; x_wconf 78' lang='lat' dir='ltr'><strong>protundum</strong></span> <span class='ocrx_word' id='word_1_177' title='bbox 425 3122 524 3184; x_wconf 77' lang='lat' dir='ltr'><strong>odram</strong></span> <span class='ocrx_word' id='word_1_178' title='bbox 544 3120 719 3194; x_wconf 79' lang='lat' dir='ltr'><strong>uindicari,</strong></span> <span class='ocrx_word' id='word_1_179' title='bbox 745 3141 781 3181; x_wconf 89' lang='lat' dir='ltr'><strong>ac</strong></span> <span class='ocrx_word' id='word_1_180' title='bbox 802 3124 819 3180; x_wconf 79' lang='lat' dir='ltr'><strong>a</strong></span> <span class='ocrx_word' id='word_1_181' title='bbox 841 3119 940 3182; x_wconf 89' lang='lat' dir='ltr'><strong>turbis</strong></span> <span class='ocrx_word' id='word_1_182' title='bbox 962 3131 994 3180; x_wconf 86' lang='lat' dir='ltr'><strong>et</strong></span> <span class='ocrx_word' id='word_1_183' title='bbox 1016 3118 1234 3181; x_wconf 87' lang='lat' dir='ltr'><strong>sollicitudini·</strong></span> 
     </span>
     <span class='ocr_line' id='line_1_25' title="bbox 201 3209 1233 3298; baseline -0.008 -10"><span class='ocrx_word' id='word_1_184' title='bbox 201 3209 485 3298; x_wconf 60' lang='lat' dir='ltr'><strong>bus-laxari,&#39;ctrm</strong></span> <span class='ocrx_word' id='word_1_185' title='bbox 501 3221 659 3296; x_wconf 90' lang='lat' dir='ltr'><strong>omnium,</strong></span> <span class='ocrx_word' id='word_1_186' title='bbox 681 3232 747 3282; x_wconf 89' lang='lat' dir='ltr'><strong>tum</strong></span> <span class='ocrx_word' id='word_1_187' title='bbox 765 3221 814 3281; x_wconf 82' lang='lat' dir='ltr'><strong>vel</strong></span> <span class='ocrx_word' id='word_1_188' title='bbox 834 3215 968 3281; x_wconf 84' lang='lat' dir='ltr'><strong>maxime</strong></span> <span class='ocrx_word' id='word_1_189' title='bbox 986 3240 1098 3280; x_wconf 88' lang='lat' dir='ltr'><strong>eorum</strong></span> <span class='ocrx_word' id='word_1_190' title='bbox 1116 3220 1233 3281; x_wconf 90' lang='lat' dir='ltr'><strong>melan-</strong></span> 
     </span>
     <span class='ocr_line' id='line_1_26' title="bbox 202 3315 1228 3403; baseline -0.005 -19"><span class='ocrx_word' id='word_1_191' title='bbox 202 3323 325 3384; x_wconf 86' lang='lat' dir='ltr'><strong>cbolico</strong></span> <span class='ocrx_word' id='word_1_192' title='bbox 355 3320 462 3384; x_wconf 84' lang='lat' dir='ltr'><strong>babitu</strong></span> <span class='ocrx_word' id='word_1_193' title='bbox 492 3321 549 3403; x_wconf 89' lang='lat' dir='ltr'><strong>qui</strong></span> <span class='ocrx_word' id='word_1_194' title='bbox 575 3332 658 3383; x_wconf 84' lang='lat' dir='ltr'><strong>surrt.</strong></span> <span class='ocrx_word' id='word_1_195' title='bbox 711 3320 898 3384; x_wconf 88' lang='lat' dir='ltr'><strong>Cavendum</strong></span> <span class='ocrx_word' id='word_1_196' title='bbox 929 3329 961 3379; x_wconf 91' lang='lat' dir='ltr'><strong>et</strong></span> <span class='ocrx_word' id='word_1_197' title='bbox 988 3319 1027 3380; x_wconf 89' lang='lat' dir='ltr'><strong>ab</strong></span> <span class='ocrx_word' id='word_1_198' title='bbox 1056 3315 1228 3392; x_wconf 84' lang='lat' dir='ltr'><strong>iracundia,</strong></span> 
     </span>
     <span class='ocr_line' id='line_1_27' title="bbox 202 3418 1228 3507; baseline -0.003 -24"><span class='ocrx_word' id='word_1_199' title='bbox 202 3422 292 3507; x_wconf 89' lang='lat' dir='ltr'><strong>quod</strong></span> <span class='ocrx_word' id='word_1_200' title='bbox 310 3444 368 3496; x_wconf 85' lang='lat' dir='ltr'><strong>ca,</strong></span> <span class='ocrx_word' id='word_1_201' title='bbox 394 3431 430 3483; x_wconf 90' lang='lat' dir='ltr'><strong>ut</strong></span> <span class='ocrx_word' id='word_1_202' title='bbox 451 3420 590 3484; x_wconf 88' lang='lat' dir='ltr'><strong>Galenus</strong></span> <span class='ocrx_word' id='word_1_203' title='bbox 615 3421 735 3504; x_wconf 88' lang='lat' dir='ltr'><strong>inquit,</strong></span> <span class='ocrx_word' id='word_1_204' title='bbox 772 3420 900 3507; x_wconf 72' lang='lat' dir='ltr'><strong>biliosus</strong></span> <span class='ocrx_word' id='word_1_205' title='bbox 919 3419 1068 3500; x_wconf 85' lang='lat' dir='ltr'><strong>imprimis</strong></span> <span class='ocrx_word' id='word_1_206' title='bbox 1087 3418 1228 3481; x_wconf 87' lang='lat' dir='ltr'><strong>materias</strong></span> 
     </span>
     <span class='ocr_line' id='line_1_28' title="bbox 202 3519 1230 3604; baseline -0.005 -18"><span class='ocrx_word' id='word_1_207' title='bbox 202 3521 354 3586; x_wconf 83' lang='lat' dir='ltr'><strong>accendit.</strong></span> <span class='ocrx_word' id='word_1_208' title='bbox 401 3521 582 3603; x_wconf 80' lang='lat' dir='ltr'><strong>Quinetiam</strong></span> <span class='ocrx_word' id='word_1_209' title='bbox 610 3522 807 3593; x_wconf 76' lang='lat' dir='ltr'><strong>curandum,</strong></span> <span class='ocrx_word' id='word_1_210' title='bbox 843 3519 963 3604; x_wconf 88' lang='lat' dir='ltr'><strong>nequid</strong></span> <span class='ocrx_word' id='word_1_211' title='bbox 991 3522 1052 3583; x_wconf 89' lang='lat' dir='ltr'><strong>boc</strong></span> <span class='ocrx_word' id='word_1_212' title='bbox 1077 3526 1230 3602; x_wconf 82' lang='lat' dir='ltr'><strong>tempore,</strong></span> 
     </span>
     <span class='ocr_line' id='line_1_29' title="bbox 201 3621 1230 3707; baseline 0.001 -26"><span class='ocrx_word' id='word_1_213' title='bbox 201 3622 289 3707; x_wconf 89' lang='lat' dir='ltr'><strong>qnod</strong></span> <span class='ocrx_word' id='word_1_214' title='bbox 311 3622 351 3684; x_wconf 86' lang='lat' dir='ltr'><strong>ad</strong></span> <span class='ocrx_word' id='word_1_215' title='bbox 374 3622 616 3685; x_wconf 85' lang='lat' dir='ltr'><strong>moestitudinem</strong></span> <span class='ocrx_word' id='word_1_216' title='bbox 641 3641 773 3684; x_wconf 87' lang='lat' dir='ltr'><strong>movere</strong></span> <span class='ocrx_word' id='word_1_217' title='bbox 793 3621 914 3700; x_wconf 81' lang='lat' dir='ltr'><strong>possit,</strong></span> <span class='ocrx_word' id='word_1_218' title='bbox 945 3623 1073 3685; x_wconf 88' lang='lat' dir='ltr'><strong>accidat.</strong></span> <span class='ocrx_word' id='word_1_219' title='bbox 1113 3623 1230 3686; x_wconf 79' lang='lat' dir='ltr'><strong>Audiat</strong></span> 
     </span>
     <span class='ocr_line' id='line_1_30' title="bbox 201 3721 1230 3807; baseline -0.004 -22"><span class='ocrx_word' id='word_1_220' title='bbox 201 3732 287 3807; x_wconf 72' lang='lat' dir='ltr'><strong>eger</strong></span> <span class='ocrx_word' id='word_1_221' title='bbox 308 3735 454 3786; x_wconf 84' lang='lat' dir='ltr'><strong>cantores</strong></span> <span class='ocrx_word' id='word_1_222' title='bbox 470 3734 503 3785; x_wconf 88' lang='lat' dir='ltr'><strong>et</strong></span> <span class='ocrx_word' id='word_1_223' title='bbox 524 3721 710 3786; x_wconf 77' lang='lat' dir='ltr'><strong>cim-raedas</strong></span> <span class='ocrx_word' id='word_1_224' title='bbox 732 3741 768 3782; x_wconf 89' lang='lat' dir='ltr'><strong>ac</strong></span> <span class='ocrx_word' id='word_1_225' title='bbox 786 3722 914 3787; x_wconf 88' lang='lat' dir='ltr'><strong>musicis</strong></span> <span class='ocrx_word' id='word_1_226' title='bbox 933 3743 1063 3804; x_wconf 87' lang='lat' dir='ltr'><strong>operam</strong></span> <span class='ocrx_word' id='word_1_227' title='bbox 1081 3724 1153 3798; x_wconf 88' lang='lat' dir='ltr'><strong>det,</strong></span> <span class='ocrx_word' id='word_1_228' title='bbox 1177 3732 1230 3784; x_wconf 82' lang='lat' dir='ltr'><strong>aut</strong></span> 
     </span>
     <span class='ocr_line' id='line_1_31' title="bbox 199 3822 1229 3906; baseline -0.003 -20"><span class='ocrx_word' id='word_1_229' title='bbox 199 3822 349 3906; x_wconf 78' lang='lat' dir='ltr'><strong>jucundis</strong></span> <span class='ocrx_word' id='word_1_230' title='bbox 375 3844 409 3887; x_wconf 92' lang='lat' dir='ltr'><strong>sc</strong></span> <span class='ocrx_word' id='word_1_231' title='bbox 429 3824 587 3887; x_wconf 86' lang='lat' dir='ltr'><strong>interdurn</strong></span> <span class='ocrx_word' id='word_1_232' title='bbox 607 3822 918 3889; x_wconf 74' lang='lat' dir='ltr'><strong>confabulationibus</strong></span> <span class='ocrx_word' id='word_1_233' title='bbox 938 3826 1086 3888; x_wconf 87' lang='lat' dir='ltr'><strong>oblectet.</strong></span> <span class='ocrx_word' id='word_1_234' title='bbox 1124 3825 1229 3885; x_wconf 91' lang='lat' dir='ltr'><strong>Porro</strong></span> 
     </span>
     <span class='ocr_line' id='line_1_32' title="bbox 200 3922 1229 4010; baseline -0.002 -25"><span class='ocrx_word' id='word_1_235' title='bbox 200 3946 338 3989; x_wconf 77' lang='lat' dir='ltr'><strong>venerea</strong></span> <span class='ocrx_word' id='word_1_236' title='bbox 360 3936 512 4010; x_wconf 89' lang='lat' dir='ltr'><strong>quantum</strong></span> <span class='ocrx_word' id='word_1_237' title='bbox 528 3925 673 3999; x_wconf 70' lang='lat' dir='ltr'><strong>uitanda,</strong></span> <span class='ocrx_word' id='word_1_238' title='bbox 695 3936 768 4004; x_wconf 86' lang='lat' dir='ltr'><strong>post</strong></span> <span class='ocrx_word' id='word_1_239' title='bbox 787 3927 960 3989; x_wconf 87' lang='lat' dir='ltr'><strong>ostendam.</strong></span> <span class='ocrx_word' id='word_1_240' title='bbox 999 3927 1071 4006; x_wconf 90' lang='lat' dir='ltr'><strong>lpse</strong></span> <span class='ocrx_word' id='word_1_241' title='bbox 1086 3922 1229 4005; x_wconf 86' lang='lat' dir='ltr'><strong>legendis</strong></span> 
     </span>
     <span class='ocr_line' id='line_1_33' title="bbox 198 4023 1229 4108; baseline -0.005 -20"><span class='ocrx_word' id='word_1_242' title='bbox 198 4023 348 4108; x_wconf 80' lang='lat' dir='ltr'><strong>jucundis</strong></span> <span class='ocrx_word' id='word_1_243' title='bbox 371 4026 484 4101; x_wconf 87' lang='lat' dir='ltr'><strong>rebus,</strong></span> <span class='ocrx_word' id='word_1_244' title='bbox 507 4034 539 4088; x_wconf 90' lang='lat' dir='ltr'><strong>et</strong></span> <span class='ocrx_word' id='word_1_245' title='bbox 558 4024 778 4092; x_wconf 88' lang='lat' dir='ltr'><strong>elucubrandis</strong></span> <span class='ocrx_word' id='word_1_246' title='bbox 797 4027 889 4091; x_wconf 86' lang='lat' dir='ltr'><strong>etiam</strong></span> <span class='ocrx_word' id='word_1_247' title='bbox 905 4027 1130 4088; x_wconf 86' lang='lat' dir='ltr'><strong>oblectamenta</strong></span> <span class='ocrx_word' id='word_1_248' title='bbox 1144 4046 1229 4106; x_wconf 80' lang='lat' dir='ltr'><strong>que-</strong></span> 
     </span>
     <span class='ocr_line' id='line_1_34' title="bbox 198 4122 1227 4203; baseline -0.008 -14"><span class='ocrx_word' id='word_1_249' title='bbox 198 4126 279 4202; x_wconf 85' lang='lat' dir='ltr'><strong>sivi,</strong></span> <span class='ocrx_word' id='word_1_250' title='bbox 310 4148 383 4189; x_wconf 89' lang='lat' dir='ltr'><strong>cum</strong></span> <span class='ocrx_word' id='word_1_251' title='bbox 411 4128 616 4189; x_wconf 89' lang='lat' dir='ltr'><strong>reclamarent</strong></span> <span class='ocrx_word' id='word_1_252' title='bbox 645 4128 778 4203; x_wconf 78' lang='lat' dir='ltr'><strong>medici,</strong></span> <span class='ocrx_word' id='word_1_253' title='bbox 811 4147 872 4189; x_wconf 89' lang='lat' dir='ltr'><strong>nec</strong></span> <span class='ocrx_word' id='word_1_254' title='bbox 896 4138 1016 4187; x_wconf 87' lang='lat' dir='ltr'><strong>temere</strong></span> <span class='ocrx_word' id='word_1_255' title='bbox 1046 4122 1227 4196; x_wconf 87' lang='lat' dir='ltr'><strong>monebant,</strong></span> 
     </span>
    </p>

    <p class='ocr_par' dir='ltr' id='par_1_11' title="bbox 140 4222 1228 4514">
     <span class='ocr_line' id='line_1_35' title="bbox 140 4222 1228 4309; baseline -0.007 -19"><span class='ocrx_word' id='word_1_256' title='bbox 140 4258 144 4265; x_wconf 96' lang='lat'>·</span> <span class='ocrx_word' id='word_1_257' title='bbox 196 4226 259 4290; x_wconf 86' lang='lat' dir='ltr'><strong>uisi</strong></span> <span class='ocrx_word' id='word_1_258' title='bbox 279 4228 362 4291; x_wconf 79' lang='lat' dir='ltr'><strong>barad</strong></span> <span class='ocrx_word' id='word_1_259' title='bbox 381 4227 589 4291; x_wconf 88' lang='lat' dir='ltr'><strong>credidissent</strong></span> <span class='ocrx_word' id='word_1_260' title='bbox 601 4249 669 4304; x_wconf 89' lang='lat' dir='ltr'><strong>me,</strong></span> <span class='ocrx_word' id='word_1_261' title='bbox 690 4229 766 4292; x_wconf 84' lang='lat' dir='ltr'><strong>dum</strong></span> <span class='ocrx_word' id='word_1_262' title='bbox 784 4229 849 4289; x_wconf 79' lang='lat' dir='ltr'><strong>bec</strong></span> <span class='ocrx_word' id='word_1_263' title='bbox 866 4244 1009 4309; x_wconf 80' lang='lat' dir='ltr'><strong>agerem,</strong></span> <span class='ocrx_word' id='word_1_264' title='bbox 1030 4222 1107 4290; x_wconf 82' lang='lat' dir='ltr'><strong>citra</strong></span> <span class='ocrx_word' id='word_1_265' title='bbox 1126 4242 1228 4302; x_wconf 83' lang='lat' dir='ltr'><strong>nego-</strong></span> 
     </span>
     <span class='ocr_line' id='line_1_36' title="bbox 197 4323 1227 4412; baseline -0.006 -22"><span class='ocrx_word' id='word_1_266' title='bbox 197 4329 275 4390; x_wconf 88' lang='lat' dir='ltr'><strong>tium</strong></span> <span class='ocrx_word' id='word_1_267' title='bbox 297 4350 410 4412; x_wconf 86' lang='lat' dir='ltr'><strong>agere,</strong></span> <span class='ocrx_word' id='word_1_268' title='bbox 430 4338 463 4389; x_wconf 85' lang='lat' dir='ltr'><strong>et</strong></span> <span class='ocrx_word' id='word_1_269' title='bbox 484 4328 702 4391; x_wconf 87' lang='lat' dir='ltr'><strong>oblectationis</strong></span> <span class='ocrx_word' id='word_1_270' title='bbox 721 4348 835 4403; x_wconf 84' lang='lat' dir='ltr'><strong>causa,</strong></span> <span class='ocrx_word' id='word_1_271' title='bbox 862 4346 929 4388; x_wconf 91' lang='lat' dir='ltr'><strong>non</strong></span> <span class='ocrx_word' id='word_1_272' title='bbox 947 4323 1059 4400; x_wconf 88' lang='lat' dir='ltr'><strong>studii,</strong></span> <span class='ocrx_word' id='word_1_273' title='bbox 1075 4324 1112 4384; x_wconf 75' lang='lat' dir='ltr'><strong>&#39;in</strong></span> <span class='ocrx_word' id='word_1_274' title='bbox 1128 4323 1227 4385; x_wconf 89' lang='lat' dir='ltr'><strong>literis</strong></span> 
     </span>
     <span class='ocr_line' id='line_1_37' title="bbox 194 4423 1226 4514; baseline -0.002 -25"><span class='ocrx_word' id='word_1_275' title='bbox 194 4428 331 4504; x_wconf 78' lang='lat' dir='ltr'><strong>versari,</strong></span> <span class='ocrx_word' id='word_1_276' title='bbox 361 4448 542 4514; x_wconf 82' lang='lat' dir='ltr'><strong>quanquam</strong></span> <span class='ocrx_word' id='word_1_277' title='bbox 563 4429 599 4492; x_wconf 89' lang='lat' dir='ltr'><strong>in</strong></span> <span class='ocrx_word' id='word_1_278' title='bbox 616 4432 797 4513; x_wconf 83' lang='lat' dir='ltr'><strong>exemplum</strong></span> <span class='ocrx_word' id='word_1_279' title='bbox 814 4426 925 4495; x_wconf 78' lang='lat' dir='ltr'><strong>venire</strong></span> <span class='ocrx_word' id='word_1_280' title='bbox 946 4426 1008 4488; x_wconf 88' lang='lat' dir='ltr'><strong>boc</strong></span> <span class='ocrx_word' id='word_1_281' title='bbox 1027 4423 1134 4488; x_wconf 89' lang='lat' dir='ltr'><strong>nolim.</strong></span> <span class='ocrx_word' id='word_1_282' title='bbox 1173 4424 1226 4488; x_wconf 88' lang='lat' dir='ltr'><strong>lu·</strong></span> 
     </span>
    </p>
   </div>
   <div class='ocr_carea' id='block_1_4' title="bbox 0 0 1320 5086">
    <p class='ocr_par' dir='ltr' id='par_1_12' title="bbox 0 0 1320 5086">
     <span class='ocr_line' id='line_1_38' title="bbox 0 0 1320 5086; baseline 0 2"><span class='ocrx_word' id='word_1_283' title='bbox 0 0 1320 5086; x_wconf 95' lang='lat' dir='ltr'><strong> </strong></span> 
     </span>
    </p>
   </div>
  </div>
 </body>
</html>
