2632 5086
113 788 116 795 .
217 716 287 790 6⁰0
388 707 697 787 taruanicam
723 708 803 785 Sax.
831 710 928 783 Duc.
954 708 1060 809 epist.

217 924 300 987 sepo
324 902 472 987 midam,
491 903 643 969 universa
660 922 748 984 pena
769 904 952 965 conculcata
971 899 1163 978 Gemania,
1183 901 1249 969 soti

217 1004 420 1081 restiterunt,
439 1003 500 1067 soli
519 1015 670 1067 externos
688 1005 897 1084 propulerunt
913 1001 1078 1077 dominos,
1099 1013 1132 1065 et
1146 1022 1248 1065 omne

218 1107 435 1169 detrectarunt
452 1102 575 1186 jugum.
622 1105 702 1167 Nam
724 1100 756 1166 in
777 1104 870 1169 vobis
890 1123 1006 1166 censeo
1025 1104 1247 1185 westphalos,

217 1227 360 1290 eosque,
390 1205 446 1286 qui
476 1204 634 1277 Cherusci¹
660 1206 734 1267 olim
763 1215 795 1266 et
813 1202 913 1277 ‚Cauoi
929 1205 1055 1278 vocati,
1087 1203 1245 1269 eximium

217 1308 345 1373 uirtutis
376 1330 440 1372 suae
467 1307 626 1387 specimen
657 1306 815 1369 dederunt
843 1305 927 1368 bello
947 1306 1112 1380 Romano,
1143 1317 1246 1391 atque

216 1409 302 1473 illum
323 1406 499 1473 Germanias
524 1405 676 1475 miserunt
697 1406 892 1482 Arminium,
922 1403 1146 1486 imperatorem
1174 1427 1246 1470 onr-

213 1509 318 1585 nium,
350 1509 406 1593 qui
433 1528 566 1591 usquam
592 1492 740 1580 luerunt,
772 1504 924 1587 optimum
954 1522 987 1568 et
1012 1505 1246 1584 fortissimum,

215 1609 302 1694 quod
321 1608 360 1670 ab
379 1607 522 1671 hostibus
543 1605 636 1670 etiam
655 1617 844 1669 consecutus
865 1605 1078 1669 testimonium
1098 1618 1164 1670 est:
1186 1609 1247 1693 qui
1290 1650 1292 1655 -

213 1729 281 1774 non
308 1709 439 1790 patriam
467 1707 584 1783 modo,
614 1708 671 1770 sed
699 1706 877 1768 universam
904 1706 998 1767 etiam
1020 1706 1244 1785 Germaniam,

214 1808 390 1875 emauibus
406 1810 641 1881 Romanorum,
661 1817 736 1871 lune
750 1807 877 1889 quando
892 1807 1061 1887 plurimum
1078 1822 1243 1889 poteraut,

214 1929 250 1971 ae
276 1910 409 1973 maximo
438 1909 606 1993 florebant,
638 1907 770 1987 eripuit:
802 1906 888 1988 ipsos
918 1928 998 1970 vero
1018 1907 1121 1971 multis
1141 1920 1174 1970 et
1194 1912 1244 1973 in·

214 2008 477 2090 comparabilibus
506 2007 647 2070 adiectos
682 2006 842 2087 cladibus,
890 2022 1019 2069 strenue
1050 2008 1174 2088 expulit
1207 2021 1245 2073 et

214 2107 318 2187 ejecit.
368 2107 424 2169 Ille
440 2108 548 2183 ‘igitur
584 2109 668 2186 apud
695 2105 815 2169 inferos
842 2106 992 2169 liberator
1023 2118 1131 2171 noster
1158 2110 1243 2192 quid

212 2206 306 2270 sentit
325 2226 428 2278 nuue;
458 2207 586 2289 quando
606 2207 710 2281 videt,
740 2228 839 2288 quum
864 2207 932 2288 ipse
953 2208 1051 2272 sortes
1071 2210 1242 2274 Romanos

212 2317 245 2370 et
276 2305 363 2369 orbis
394 2318 549 2387 terrarum
582 2304 729 2371 dominos
764 2326 898 2389 regnare
932 2307 982 2369 bie
1011 2328 1075 2369 non
1107 2310 1236 2385 tulerit,

212 2406 357 2471 mollibus
386 2404 590 2469 sacerdotulis
615 2416 646 2467 et
668 2406 853 2469 effeminatis
873 2406 989 2470 servire
1006 2392 1237 2486 pontificibus?

212 2509 327 2573 Nonne
344 2505 534 2588 posteritatis
548 2505 680 2587 pudebit
693 2506 788 2568 eum?
809 2507 855 2568 Illi
871 2492 973 2570 atatem
980 2507 1239 2583 Othonesuestri

213 2612 330 2690 quales¹
349 2611 497 2682 luerunt,
533 2617 564 2668 at
589 2606 721 2668 Henrici
741 2605 883 2688 qnidam,
913 2606 1011 2670 vestri
1037 2617 1069 2669 et
1093 2598 1138 2669 illi
1164 2629 1239 2671 san·

212 2706 341 2789 guirris?
375 2707 480 2767 Porro
506 2705 590 2767 bello
622 2708 710 2789 quod
736 2727 806 2767 cum
827 2706 950 2785 Magno
971 2705 1089 2769 Carolo
1109 2719 1240 2789 gestum

212 2816 277 2878 est,
297 2804 386 2865 annis
399 2806 476 2886 ,plus
495 2804 641 2889 triginta,
668 2828 738 2889 quaa
766 2819 932 2888 perspecta
951 2807 1114 2869 Saxonum
1143 2806 1240 2870 forti·

209 2905 289 2968 tudo
309 2905 378 2967 est?
399 2927 467 2987 qrrae
483 2906 584 2970 virtus
599 2905 734 2969 enituit?
752 2908 845 2970 Adde
865 2908 952 2982 illos,
974 2907 1031 2990 qui
1047 2907 1241 2971 deleverunt

210 3007 334 3069 ultimas
351 3005 528 3071 Gothorum
544 3007 690 3089 reliquias
701 3027 715 3067 :1
730 3008 827 3070 vestri
843 3007 927 3071 enim
944 3007 1091 3082 luerunt,
1113 3009 1236 3092 quique

210 3107 404 3173 Britanniam
423 3115 702 3189 expugnaverunt;
729 3117 828 3170 etex
848 3108 945 3188 pulsis
965 3107 1143 3190 indigenis,
1169 3110 1238 3172 An-

210 3211 281 3293 glns
302 3229 342 3269 ex
365 3230 400 3271 se
421 3220 450 3268 nl
471 3209 582 3270 Scotos
602 3206 816 3269 deduxerunt.
865 3208 951 3290 Quid
971 3206 1040 3270 illos
1060 3201 1237 3273 memorem

92 3302 99 3313 ⁶
210 3320 338 3372 veteres
362 3307 519 3386 Cymbros
540 3318 571 3367 et
585 3306 764 3381 Teutones,
785 3327 901 3390 magno
921 3306 1008 3370 urbis
1021 3309 1131 3371 Romae
1152 3310 1235 3371 malo

210 3407 324 3472 vestris
350 3429 368 3469 e
388 3408 409 3469 li
433 3406 502 3469 ibus
522 3407 555 3468 in
575 3406 692 3469 ltaliam
711 3409 831 3471 effusos
850 3407 949 3471 olim?
977 3407 1122 3484 Deinde,
1153 3430 1238 3492 quo·

209 3507 269 3573 ties
301 3506 419 3569 ltaliam
453 3504 597 3587 ingressa
622 3519 670 3568 est
697 3507 748 3569 illa
776 3508 882 3583 natio,
917 3519 949 3571 et
975 3527 1046 3570 eum
1073 3508 1141 3572 aliis
1171 3530 1238 3573 una

209 3608 325 3670 Gabios
352 3606 545 3683 devastavit:
576 3607 693 3670 attactis
718 3606 811 3669 etiam
836 3606 1010 3688 Hispanis?
1042 3620 1115 3672 sunt
1142 3621 1175 3671 et
1201 3610 1236 3674 iu

209 3706 354 3771 Sarmatis
384 3709 529 3788 praeclara
559 3707 639 3775 illius
652 3707 756 3770 lacta.
801 3711 843 3770 Et
868 3708 908 3770 ab
928 3708 1032 3771 Hunis
1051 3710 1236 3792 quondam,

208 3817 283 3893 post
301 3807 341 3870 ab
360 3807 495 3886 Ungaris
519 3806 627 3883 eliam,
659 3830 737 3890 quas
757 3821 787 3871 et
807 3830 901 3891 quam
921 3808 1099 3891 splendidas
1118 3830 1237 3892 repor-

207 3916 312 3969 tarunt
353 3930 434 3988 saepe
462 3907 609 3972 victorias
650 3909 694 3970 tui
722 3910 914 3993 populares?
954 3910 1056 3973 Multa
1084 3912 1235 3975 consulto

206 4022 385 4092 praetereo,
417 4010 491 4093 quia
518 4031 617 4075 unum
642 4011 716 4074 satis
741 4023 789 4074 est
814 4010 1007 4086 meminisse,
1036 4009 1123 4071 solos
1150 4031 1237 4073 nun·

207 4131 304 4194 mam
320 4111 460 4176 externis
478 4111 614 4189 servisse
628 4111 784 4174 Saxones.
815 4112 912 4192 Quod
925 4104 1033 4172 ¹videre
1045 4129 1104 4171 vos
1122 4110 1234 4174 decet:

206 4229 266 4283 ne,
286 4232 384 4293 quum
404 4211 541 4289 majores
561 4211 656 4273 vostri
677 4212 752 4274 tales
765 4210 898 4285 suerint,
917 4204 1108 4292 vos‘atiquid
1127 4209 1237 4293 indig-

204 4327 282 4372 num
300 4311 362 4374 boe
387 4332 506 4394 genere
525 4310 700 4374 admittatis.
747 4309 922 4391 Accepistis
951 4307 1078 4391 quidem
1108 4319 1142 4371 et
1170 4308 1237 4390 ipsi
