2632 5086
199 790 270 862 292
488 778 549 856 De
567 774 720 874 Gnajaci
748 772 931 847 medicina

199 981 251 1035 tus
268 965 424 1054 binusque
443 968 564 1032 renuis
587 966 729 1030 vacuitas
750 965 904 1046 efficiant,
929 965 1101 1029 constricto
1125 975 1230 1028 autern

199 1081 312 1134 ventre
329 1073 493 1152 expleatur
511 1090 571 1144 oo,
597 1078 633 1130 ut
652 1087 788 1129 vacuum
809 1070 920 1143 coint,
939 1067 1055 1129 lamam
1073 1085 1145 1129 esse
1164 1085 1232 1127 non

202 1191 316 1256 posse,
334 1172 391 1234 ubi
419 1173 479 1235 ista
495 1191 561 1233 non
577 1168 656 1245 sint,
673 1178 705 1228 et
721 1166 856 1230 inediam
873 1167 964 1230 lacile
975 1166 1074 1238 :ferri
1116 1168 1232 1246 Quam·

202 1294 297 1359 qnam
314 1273 452 1338 inediam
470 1272 549 1355 qnid
562 1271 654 1346 dico,
674 1289 744 1351 quae
764 1267 796 1329 in
815 1269 873 1330 bac
892 1267 1056 1330 curatione
1080 1265 1232 1329 nonest?

200 1372 317 1438 lamam
344 1374 452 1436 dicere
477 1371 584 1454 potui,
610 1370 923 1453 quantulumeunque
949 1379 998 1431 est
1024 1367 1108 1443 hoe,
1141 1364 1232 1450 quand

199 1472 286 1539 terre
310 1475 436 1558 qnidam
454 1482 635 1556 gravantur.
674 1467 862 1530 Tolerabilis
886 1480 934 1531 est
955 1469 1056 1543 enim,
1088 1468 1182 1529 etiam
1205 1469 1231 1530 si

201 1577 327 1641 aliunde
344 1595 439 1656 opem
456 1574 528 1656 quis
548 1579 688 1633 accersat
702 1569 828 1648 penitus
845 1570 970 1630 nullam.
998 1571 1042 1632 At
1055 1568 1113 1630 illis
1130 1570 1230 1630 molli·

202 1677 281 1740 culis
300 1675 449 1756 aegrotis,
480 1674 557 1753 qiud
583 1681 689 1753 potest
714 1688 784 1731 esse
806 1672 898 1742 leve,
929 1689 1002 1730 enm
1021 1689 1087 1729 non
1111 1680 1229 1731 tannun

200 1776 294 1843 lamis
322 1774 521 1856 impatientes
547 1771 630 1846 sint,
670 1769 844 1832 sedetiam
870 1790 936 1829 non
957 1782 1104 1848 appetere
1123 1768 1226 1832 eibum

199 1875 402 1940 intolerabile
427 1873 488 1935 sibi
515 1873 641 1934 ducant.
680 1871 763 1950 Qui,
795 1868 897 1931 antis
922 1867 1147 1932 immortalibus
1173 1884 1228 1950 pe·

199 1978 330 2040 tendum
349 1986 415 2048 est,
443 1971 618 2055 siquando
642 1981 811 2051 aegrotant,
834 1990 996 2052 nunquam
1020 1981 1060 2032 ut
1083 1974 1230 2031 norwale-

200 2064 323 2150 scant,
342 2072 471 2158 wando
505 2071 635 2153 quidem
660 2071 778 2132 tantillo
805 2070 987 2150 impendio,
1023 2072 1232 2134 valetudinem

200 2195 309 2261 emere
329 2173 547 2257 gravissimum
567 2171 717 2254 quiddam
742 2169 927 2251 opinantur,
962 2171 1002 2232 de
1024 2170 1140 2252 quibus
1158 2193 1229 2234 meo

199 2295 291 2341 nore
323 2272 454 2349 fecero,
487 2272 514 2336 si
533 2274 623 2335 latius
650 2273 852 2344 admoneam,
880 2269 1052 2351 presertim
1073 2282 1108 2332 ut
1134 2273 1232 2354 pluri·

199 2356 289 2442 nium
307 2374 340 2440 in
361 2375 531 2442 Germania
549 2385 657 2437 nostra
681 2371 781 2435 errari
801 2371 846 2432 sic
866 2390 938 2432 eum
957 2371 1092 2432 rideam.
1130 2422 1135 2429 .

597 2759 709 2826 Caena
742 2757 837 2823 XIX.

364 2909 505 2985 Contra
537 2909 677 3000 lurum,
709 2908 944 3006 parsimoniae
980 2909 1069 2984 laus.

277 3081 376 3163 Quod
393 3081 473 3144 laxit
491 3081 580 3153 Deus
600 3081 675 3161 Opt.
695 3078 785 3140 atax.
806 3078 975 3162 aliquando
1002 3101 1037 3144 se
1063 3091 1099 3144 ut
1120 3093 1233 3147 noscat

199 3179 266 3245 bac
285 3182 389 3257 natio,
410 3193 560 3243 nontam
584 3179 658 3264 quia
677 3179 841 3261 iudignum
864 3192 911 3243 est
931 3181 1018 3244 orbis
1041 3183 1232 3262 imperatore

199 3282 322 3361 populo
344 3282 389 3340 aio
408 3282 537 3355 vivere,
560 3302 654 3362 quam
673 3283 726 3343 vel
748 3282 964 3362 potissimum,
993 3285 1081 3366 quod
1099 3304 1231 3366 magno·

200 3396 273 3440 rum
298 3377 393 3442 nobis
427 3399 510 3457 saepe
539 3382 712 3455 malorum,
748 3383 861 3443 summi
887 3384 1003 3462 passim
1030 3395 1230 3464 contemptus

200 3496 296 3541 oausa
318 3489 366 3539 eet
387 3478 452 3540 haec
475 3482 612 3559 crapula.
649 3483 757 3563 Atque
781 3484 832 3545 alii
853 3481 1000 3567 quidem,
1027 3486 1054 3547 si
1079 3498 1231 3568 quantum

200 3588 337 3661 possunt
356 3578 449 3643 edant
468 3600 504 3640 ae
516 3579 641 3656 bibant,
661 3581 793 3646 traaasire
811 3603 846 3645 se
863 3587 965 3667 legem
978 3596 1095 3648 natura
1109 3597 1231 3667 putant.

200 3676 270 3740 ttos
295 3688 448 3761 quantum
472 3680 556 3745 haud
586 3679 719 3744 serimus
744 3683 819 3745 dum
849 3683 1079 3769 ingurgitamus
1107 3688 1231 3750 laudem

202 3779 296 3843 eliam
323 3781 501 3862 quaerimus.
541 3780 627 3860 Quid
653 3781 711 3844 ista
732 3783 792 3845 sibi
818 3788 929 3848 volunt
949 3788 1031 3850 enim
1051 3800 1232 3868 potatorum

202 3878 400 3943 oertamina?
426 3879 492 3942 istae
517 3879 657 3964 pugnae?
683 3886 832 3964 quando,
864 3887 921 3970 qui
947 3890 1115 3968 plurimum
1140 3890 1230 3963 bibit,

202 3980 338 4054 maxime
359 3982 446 4062 apud
470 3983 622 4044 convivas
650 3987 800 4066 applausu
820 3989 988 4068 excipitur.
1026 3991 1163 4067 Quando
1185 3990 1232 4050 vi·

203 4079 444 4144 oissebibendo
463 4081 651 4164 gloriaest,
671 4084 820 4148 inebriari
846 4105 882 4147 ao
906 4107 1056 4148 evomere
1082 4110 1233 4151 nonnun·
1258 4160 1263 4170 Ι

204 4202 299 4265 quarn
323 4182 406 4245 haud
431 4181 608 4259 turpitudo.
647 4183 842 4262 Opatriam!
879 4184 1112 4266 Oimperium!
1147 4189 1233 4250 Nihil

202 4276 272 4346 illos
291 4281 391 4346 miror
407 4280 566 4356 Polonos,
600 4294 653 4346 aut
673 4285 700 4345 si
723 4284 780 4369 qui
804 4284 856 4348 alii
887 4295 981 4361 snut,
1010 4288 1108 4368 magis
1138 4292 1233 4353 etiarn

204 4403 301 4477 quom
317 4401 377 4445 nos
397 4379 527 4456 ebriosi,
565 4382 646 4445 hano
676 4385 750 4448 dico
780 4387 955 4459 nationem,
983 4386 1141 4467 dignitatis
1168 4412 1233 4453 suae

566 4644 582 4675 t?
