2632 5086
602 1022 641 1109 ἃ)

165 1190 298 1263 Carolo
333 1132 586 1261 aomanorum
620 1199 659 1263 et
684 1185 945 1286 Hispaniarum
968 1189 1062 1290 Regi

104 1352 268 1429 Ulrichus
312 1349 359 1427 dc
403 1350 569 1443 Hutten,
621 1349 745 1449 Eques
795 1353 1030 1445 Germanus,
1082 1340 1122 1431 S.

545 1547 684 1569 m
702 1542 705 1549 ¹

101 1705 181 1800 Etsi
209 1740 303 1800 multa
331 1739 400 1798 css'e
427 1735 543 1810 video,
577 1756 647 1818 quae
666 1746 699 1797 te
718 1747 906 1819 occupatum
929 1736 1126 1801 habentne

104 1847 266 1916 tempore,
296 1837 393 1897 ardua
419 1835 469 1897 illa
488 1846 520 1897 et
539 1836 635 1917 longe
653 1835 804 1910 maxima,
823 1836 974 1917 Princeps
995 1834 1124 1911 Carole,

103 1934 177 1997 Rex
198 1933 423 1999 invictissime!
448 1946 552 1997 tamen
576 1936 695 1999 nullum
714 1954 784 1998 esse
803 1935 1018 2018 importunum
1036 1954 1126 1997 com-

101 2033 237 2115 pellandi
256 2046 287 2097 te
305 2046 428 2114 tempus
447 2035 614 2098 arbitratus
635 2056 720 2110 sum,
741 2055 807 2116 quo
827 2035 941 2098 eodem
960 2034 1124 2115 cognitum

101 2133 164 2208 sit,
195 2133 425 2198 accusationem
451 2135 616 2198 intendere
648 2134 844 2197 adversarios
870 2133 956 2216 apud
978 2143 1011 2195 te
1037 2132 1125 2196 mihi.

102 2236 208 2312 Qntnn
237 2233 335 2316 igitur
359 2234 580 2298 intellexissem
606 2254 725 2313 paucos
746 2244 817 2296 ante
836 2232 924 2309 dies,
955 2234 1124 2317 quemdam

99 2333 169 2397 istic
189 2333 346 2412 pontilicis
366 2345 544 2409 oratorem,
571 2337 775 2398 vehementer
793 2334 904 2396 conari
921 2335 1003 2407 boc,
1031 2343 1066 2394 ut
1088 2342 1125 2399 lu

99 2431 175 2496 mihi
194 2453 398 2507 succenseas,
418 2434 520 2495 statim
536 2437 590 2496 bes
609 2434 782 2496 fortissimo
801 2433 889 2506 viro,
909 2443 966 2493 tno
980 2429 1126 2494 consilia·

100 2532 169 2605 rio,
191 2543 222 2594 et
242 2556 259 2592 a
277 2532 397 2592 bellicis
423 2533 583 2606 ministro,
607 2533 707 2594 amico
726 2553 799 2595 meo
825 2531 995 2594 Francisco
1015 2530 1057 2592 de
1076 2529 1127 2594 si·

101 2631 257 2712 ellingen,
286 2651 385 2712 quum
404 2631 445 2692 ad
464 2642 495 2693 te
522 2633 777 2711 proficisceretur
802 2632 886 2712 jam,
917 2629 1126 2712 perferendas

103 2728 228 2793 tradidi.
276 2731 467 2792 Accusatum
494 2750 546 2792 me
573 2733 635 2793 huc
659 2733 790 2796 mittitur
813 2732 854 2795 ab
877 2731 1032 2814 episcopo
1055 2732 1126 2795 Ro·

102 2850 217 2906 marro,
250 2840 347 2912 atque
377 2831 438 2891 hoc
466 2841 501 2892 tu
528 2832 631 2893 solnm
658 2832 727 2893 lieri
759 2832 900 2913 putabas.
944 2832 1009 2893 Sed
1040 2850 1126 2920 ego,

102 2928 193 3014 quod
222 2930 359 2991 monitus
385 2950 456 2993 sum
484 2951 611 3011 nuper,
649 2929 757 3001 itidem
790 2931 958 2992 certiorem
990 2928 1127 2992 laciamt

102 3031 291 3095 subornatos
321 3029 384 3111 jam
409 3032 508 3094 multo
539 3043 611 3093 ante
631 3031 670 3091 ab
697 3027 785 3104 istis,
816 3029 872 3112 qui
891 3026 1126 3107 exstinguendo

102 3129 196 3204 mihi,
217 3130 284 3191 sive
307 3130 395 3193 ferro
416 3132 463 3207 id,
492 3131 561 3194 sive
580 3150 706 3193 veneno
727 3129 831 3211 parari
850 3139 975 3209 posset,
996 3148 1126 3207 operam

102 3231 229 3292 darent:
257 3230 356 3312 idque
375 3231 408 3291 in
427 3241 481 3291 tna
499 3231 585 3304 aula,
605 3230 661 3292 ubi
681 3241 756 3292 tune
775 3230 939 3310 negotium
958 3228 1032 3291 mihi
1050 3237 1127 3291 erat.

101 3330 216 3410 Neque
238 3330 298 3391 hec
317 3329 415 3408 patiar
436 3329 586 3408 ignorare
604 3342 655 3407 te,
680 3330 769 3413 quod
789 3342 911 3391 certum
930 3328 1049 3406 liabeo,
1069 3327 1127 3394 itu·

101 3439 243 3509 peratum
273 3449 289 3490 a
314 3430 428 3490 Leone
453 3431 499 3491 X.
537 3429 725 3512 quibusdam
753 3428 804 3493 bic
839 3427 1057 3510 principibus,
1092 3438 1128 3491 ut

102 3528 363 3606 comprehensum
388 3551 460 3605 me,
492 3529 632 3593 vinctum
660 3531 794 3595 Romam
815 3524 946 3592 mittant.
984 3528 1061 3591 nec
1079 3528 1128 3591 iu·

103 3625 208 3690 stitnta
227 3636 297 3687 ante
316 3639 408 3704 enin,
438 3650 530 3713 qnam
550 3631 635 3712 apud
663 3632 701 3690 te'
713 3650 787 3692 rens
806 3631 937 3704 fieren,-
969 3638 1002 3690 et
1023 3645 1128 3692 tamen

103 3723 159 3807 qui
179 3727 240 3787 hoc
259 3738 332 3786 sunt
356 3729 482 3803 conati,
510 3728 702 3792 accusationi
732 3729 833 3792 adhuc
854 3731 960 3792 locum
979 3749 1049 3791 esse
1068 3718 1131 3794 vo·¹

103 3826 182 3887 lmrt.
220 3826 318 3906 Quod
337 3848 395 3908 per
414 3825 608 3907 majestatem
627 3840 658 3892 te
677 3841 762 3892 tuam
783 3827 948 3904 obtestor,
977 3842 1127 3910 tuamque

102 3926 237 4006 imploro
250 3922 361 4001 fidem,
381 3948 422 3989 ne
440 3927 557 4008 patiare
575 3940 696 3993 tantum
710 3930 870 4011 impetrari
887 3930 941 3992 abs
955 3939 1003 4002 te,
1027 3949 1126 4010 quan-

103 4035 169 4087 tnm
192 4026 310 4093 audent
336 4038 445 4106 petere
471 4027 618 4109 improbi.
663 4028 783 4094 Petunt
807 4037 932 4104 antem,
965 4038 1001 4089 ut
1019 4046 1077 4109 per
1095 4037 1128 4093 te

102 4126 193 4188 liccat
219 4127 357 4188 vinctum
377 4127 536 4192 abducere
555 4128 697 4213 equitem
721 4131 931 4203 Germanum,
958 4123 1030 4207 ejus
1054 4147 1127 4191 cor·

103 4226 208 4305 poris,
240 4228 291 4288 cni
314 4239 347 4290 tu
373 4241 466 4309 eaput
496 4230 659 4311 impositus
679 4252 714 4294 es
740 4230 925 4294 membrum.
967 4227 1065 4310 Quod
1084 4226 1128 4291 ob

104 4325 322 4397 malefactum?
361 4327 460 4392 Certe
488 4331 636 4411 prolecto
668 4333 804 4406 nullum,
838 4331 916 4411 ipsis
939 4328 1034 4390 etiam
1057 4327 1128 4404 illis,
