2632 5086
161 769 208 853 42
312 762 315 769 ’
481 761 654 845 Miseulue
677 762 863 863 Dialogus.

160 975 195 1026 ut
213 962 269 1024 tibi
288 965 452 1035 irascatur,
481 960 496 1021 ὁ
524 956 608 1021 latine
638 963 768 1027 lutros..
782 959 826 1021 eb
845 960 950 1023 levem
964 956 1177 1040 ‚elitpeasnade

160 1085 286 1127 versum
303 1075 334 1124 tc
349 1082 473 1125 ‹rarrsam
488 1072 608 1135 metus,
628 1058 790 1147 quamlillc
805 1058 881 1121 tnui
898 1058 990 1131 lacit,
1010 1069 1045 1121 ut
1062 1078 1175 1135 aragne

160 1165 382 1245 deprecatione
403 1184 481 1243 opus
508 1182 575 1221 esse
596 1156 669 1221 vclit
687 1160 732 1234 ¹¹),
760 1180 826 1242 que
851 1170 956 1220 tecum
982 1158 1015 1219 in
1042 1160 1174 1240 gratiam

159 1266 283 1337 redcat,
305 1285 375 1324 erun
394 1282 475 1341 sepe
496 1261 625 1323 obrem
644 1261 747 1335 nihili,
773 1260 816 1321 eb
837 1262 975 1333 floccos,
1002 1259 1045 1319 ob
1065 1259 1172 1339 pilum,

161 1364 203 1425 ob
222 1364 364 1424 vitiosam
383 1368 513 1433 stateem,
534 1360 577 1433 oh
593 1360 828 1443 himiumbran'
840 1360 1067 1421 excandescant
1087 1361 1173 1440 prin·

56 1522 59 1529 ,
158 1463 265 1542 cipes,
299 1483 334 1521 ac
352 1459 401 1536 **)
421 1460 668 1535 inflammentur,
691 1471 730 1541 ¹ct
743 1458 811 1535 *·“*)
835 1458 952 1519 rabiem
977 1461 1170 1536 contrahant,

157 1562 339 1643 furiautquc
357 1584 393 1622 ac
413 1540 522 1623 coehim
542 1573 630 1623 terra
654 1558 815 1631 misceant3
841 1552 997 1634 breviter,
1016 1558 1050 1621 iu
1069 1554 1170 1645 Nugie

159 1661 339 1736 Tragoedias
357 1673 459 1743 agant.
488 1661 582 1722 Tanti
597 1671 643 1723 est
659 1660 712 1722 diu
729 1659 863 1733 servire,
883 1681 919 1720 ae
930 1656 1018 1734 ****)
1032 1654 1170 1741 affligere

156 1773 188 1825 et
202 1765 238 1835 †)
258 1774 433 1825 conterere.
480 1764 680 1843 Quapropter
707 1760 859 1843 quosdam
890 1761 971 1836 vidi,
1001 1773 1170 1845 postquam

153 1863 256 1925 multis
286 1864 373 1925 annis
398 1878 516 1924 sumina
543 1860 719 1942 diligentia,
752 1858 893 1923 maximis
917 1861 1075 1924 laboribus
1102 1885 1169 1925 ser-

153 1965 288 2035 vissent,
308 1962 402 2023 semel
416 1963 466 2021 vel
484 1961 564 2022 victa
579 1981 670 2022 cansa
683 1972 839 2023 commoto
854 1959 1013 2043 principe,
1032 1963 1168 2043 pcctmie

154 2062 270 2143 pariter
291 2082 326 2122 ac
343 2044 664 2129 libertatemnltatos3
695 2070 760 2122 non
778 2062 879 2123 nullos
897 2063 962 2123 virs
981 2062 1072 2124 etism
1093 2074 1167 2144 spe·

152 2160 251 2223 liatos.
299 2160 454 2222 Lei-iores
488 2161 608 2241 scopuli
644 2172 716 2223 silut
749 2161 924 2242 principum
954 2162 1164 2242 suspiciones,

152 2283 286 2344 quarum
306 2260 348 2321 illi
367 2282 494 2339 capaces
514 2261 646 2323 maxime
665 2273 753 2335 sunt,
780 2263 837 2325 scd
859 2262 892 2323 in
912 2282 989 2344 qraas
1010 2283 1077 2323 non
1096 2262 1164 2325 sine

83 2381 89 2397 ¹
149 2361 292 2441 periculo
318 2361 494 2423 incidimus.
532 2362 638 2444 Atque
657 2361 752 2423 inhia
770 2383 831 2441 ego
852 2374 1025 2441 perpetuo,
1056 2362 1164 2439 Ceste,

151 2462 364 2544 obloquendi
386 2462 581 2537 libertatem,
613 2482 678 2542 quo
702 2460 865 2543 plurimum
891 2464 1094 2527 offenduntur
1120 2462 1164 2527 illi

149 2563 263 2625 haereo.
301 2562 424 2623 Deinde
444 2572 490 2623 est
504 2563 564 2635 ††)
588 2561 710 2640 parium
728 2560 863 2637 invidia,
883 2562 962 2623 iutra
981 2585 1075 2646 quatu
1096 2586 1162 2627 iton

149 2662 317 2723 atlmodum
335 2681 462 2723 ¹secure
494 2660 668 2740 navigatur.
720 2663 769 2725 Ac
800 2662 981 2742 praesentius
1014 2664 1161 2731 omnibus

147 2761 261 2823 malum
293 2759 487 2834 delationes,
532 2780 665 2840 qaiarum
694 2780 763 2823 cum
789 2761 915 2841 ¹impetu
948 2763 975 2823 si
1002 2762 1161 2843 impariter

145 2858 349 2933 corillixeris,
381 2859 555 2938 periculum
576 2870 622 2920 est
646 2882 751 2923 rerum
770 2861 915 2923 simulac
934 2862 1014 2923 vitre.
1051 2863 1159 2927 Porro

145 2971 235 3022 ceute
255 2960 382 3023 omniuo
402 2961 559 3023 tractanda
581 2971 628 3021 est
651 2958 739 3039 ejus,
770 2960 823 3045 cui
844 2962 964 3036 servis,
990 2975 1159 3044 qumrtum7

144 3082 270 3143 cunque
284 3059 365 3140 justa
378 3059 570 3142 objurgatio.
593 3063 641 3121 Ea
653 3070 699 3121 est
711 3060 758 3123 his
771 3060 861 3141 egris
873 3073 998 3136 natura,
1015 3066 1159 3145 quaedam

144 3159 286 3221 sibinen
308 3183 468 3243 nunquam
488 3163 592 3222 idcera
612 3160 695 3241 tetigi
713 3162 834 3222 nolunt.
872 3163 941 3224 Jam
961 3164 1040 3237 hoe,
1062 3185 1158 3246 qtram

143 3259 329 3340 fugiendum
344 3271 376 3321 et
394 3259 496 3338 ipsum
515 3272 562 3323 cst
582 3281 710 3334 saxum,
738 3261 879 3339 speciosa
898 3283 981 3323 texor
997 3263 1025 3324 si
1043 3263 1087 3325 illi
1104 3265 1157 3341 sit,

138 3371 195 3422 aut
218 3358 298 3434 filia,
317 3380 359 3421 ne
379 3361 428 3421 vel
450 3380 532 3425 ames
539 3404 556 3436 ,.
569 3362 621 3423 rcl
642 3359 737 3423 autari
755 3360 809 3421 tibi
828 3360 999 3442 contingat.

571 3458 725 3521 Castus.

213 3558 266 3621 hd
296 3557 477 3638 hujusmodi
512 3562 658 3640 scopulos
696 3562 789 3643 periit
819 3561 902 3640 apud
935 3562 1157 3629 Alexandrum

140 3658 354 3725 Callisthenes.

535 3761 750 3825 Misaulus.

211 3865 253 3924 Et
283 3863 354 3921 cum
383 3860 524 3942 periculo
554 3861 711 3942 enavigavit
734 3862 813 3939 Agis
839 3862 978 3945 Argivus
1011 3868 1153 3933 eundem

135 3962 366 4039 reprehendere
391 3980 501 4033 aristas,
534 3961 622 4041 quand
649 3960 682 4021 in
706 3963 899 4039 adulatores,
928 3976 960 4025 ct
985 3961 1153 4045 ridiculos,

136 4063 266 4142 perinde
286 4082 322 4122 ac
339 4060 372 4122 in
390 4059 492 4121 borres
513 4059 645 4126 liberalis
664 4073 758 4125 esset.

151 4198 313 4212 *

169 4281 198 4346 ¹*)
214 4303 266 4335 esse
282 4291 358 4336 netr't:
373 4288 411 4335 sit
437 4278 481 4347 ⁸⁸)
492 4303 523 4335 ac
533 4289 678 4345 leiresetzt.
700 4279 764 4348 m)
775 4290 937 4346 essersene
955 4282 1031 4354 ω’)
1043 4306 1093 4342 ae:
1111 4306 1148 4343 20,

166 4363 199 4433 l)
215 4380 256 4420 et:
275 4386 309 4418 ar.
344 4366 392 4433 ἢ)
409 4380 448 4420 est
470 4373 610 4429 tergentes.
