2632 5086
205 818 277 891 27⁰
490 810 551 895 ue
575 807 727 910 Guajaci
752 808 934 885 medicina

204 1002 363 1088 relinquo.
391 1000 578 1082 Cyminum,
598 1000 740 1077 murum,
759 1003 978 1079 coriandrum,
998 1004 1131 1081 nardos,
1152 1023 1234 1068 ama·

204 1126 331 1183 recum,
351 1124 458 1181 rosae,
479 1114 633 1180 mentam,
652 1116 774 1179 rutam,
796 1100 904 1167 rorem
923 1104 1093 1181 marinum,
1118 1104 1232 1183 violas,

205 1206 349 1282 salviam,
369 1211 563 1279 castoreum,
582 1215 690 1266 nostra
707 1203 827 1280 omnia,
846 1203 910 1267 vim
920 1204 1037 1268 habere
1053 1206 1232 1285 maximam,

204 1328 248 1373 ca
266 1306 398 1370 medicis
418 1304 476 1390 qui
498 1304 652 1386 judicium
665 1304 795 1380 habent,
814 1326 910 1368 nemo
931 1306 1099 1387 improbat.
1140 1309 1237 1372 Utor-

207 1426 269 1490 que
306 1406 460 1489 praesidiis
495 1426 558 1488 ego
584 1403 766 1485 hujusmodi
799 1426 912 1490 magna
949 1408 1137 1472 salubritatis
1168 1410 1237 1490 opi·

205 1508 301 1571 trione
323 1507 520 1591 frequenter.
560 1507 672 1569 Potest
693 1518 725 1568 ct
747 1507 948 1595 frictionibus
975 1518 1044 1569 toto
1067 1509 1235 1573 incubator

204 1606 299 1689 hujus
320 1619 463 1689 tempore
485 1607 532 1669 uti
556 1628 655 1689 roger,
681 1608 739 1670 scd
763 1605 906 1682 lenibus,
939 1628 1018 1690 quas
1041 1622 1076 1670 ut
1102 1609 1236 1693 ubique,

206 1709 248 1770 ita
281 1707 325 1768 ibi
355 1726 487 1790 quoque
517 1706 667 1770 conferre
698 1706 866 1788 plurimum
899 1708 1021 1782 credo,
1065 1720 1097 1771 ct
1129 1710 1237 1774 calidis

206 1807 316 1888 pannis
339 1807 557 1870 exercendum
581 1818 675 1889 caput
699 1809 854 1889 praebeat,
882 1828 920 1873 ac
940 1807 1086 1873 eburneo
1112 1811 1236 1892 pectine

207 1908 471 1994 pervertendum.
1149 1924 1154 1935 ·

624 2134 820 2150 ψ

628 2294 740 2361 Caaur
779 2299 824 2362 X·

246 2442 358 2539 Quod
386 2443 648 2519 admixtionem
672 2470 748 2518 non
775 2447 872 2519 ferat
903 2447 1085 2523 medicina
1108 2450 1200 2523 haec.

284 2616 443 2680 Praeterea
472 2616 588 2677 nullam
619 2612 685 2677 fert
717 2613 942 2680 admixtionem
974 2619 1129 2681 medicina
1164 2619 1239 2692 hac,

210 2716 348 2779 attonitis
374 2716 418 2778 ob
449 2716 483 2778 id
507 2714 574 2779 istis
596 2717 695 2797 vulgo
723 2714 873 2790 medicis,
901 2717 956 2799 qui
988 2718 1063 2780 nihil
1093 2715 1240 2780 admirari

210 2836 270 2881 noa
288 2816 417 2891 volunt,
440 2814 502 2878 nisi
518 2816 638 2898 quoda
658 2814 759 2877 tribus
774 2816 861 2879 orbis
880 2817 1040 2898 partibus,
1062 2818 1242 2902 conquisita

209 2916 243 2980 in
264 2936 299 2979 se
319 2936 443 2979 venena
463 2916 610 2999 recipiat,
631 2927 664 2977 ct
682 2910 738 2999 qui
756 2915 955 2979 autoritatem
970 2916 1030 2979 sibi
1041 2938 1166 2980 omnem
1186 2921 1242 2982 de-

206 3022 359 3101 sperant,
388 3016 450 3081 nisi
478 3016 513 3079 in
539 3017 781 3098 pharmacorum
807 3017 958 3095 synthetis
987 3017 1108 3081 Indiam
1133 3019 1242 3095 nobis,

210 3117 428 3200 Aethiopiam,
454 3116 603 3182 Arabiam
629 3127 661 3178 et
679 3117 750 3178 illos
771 3128 914 3179 extreme
936 3119 1138 3182 Garamantas
1165 3141 1242 3181 con-

207 3221 352 3304 jungant.
390 3218 477 3300 Quid
496 3220 633 3300 probarit
657 3216 760 3292 enim,
787 3215 844 3279 ubi
865 3229 985 3281 sumtus
1003 3241 1068 3281 tion
1091 3218 1163 3281 est?
1201 3222 1245 3280 Et

210 3320 290 3382 laxit
311 3321 402 3383 Deus
417 3319 493 3398 Opt.
512 3319 605 3380 Max.
624 3330 665 3379 ne
687 3337 827 3400 unquam
849 3318 996 3380 audiatur
1024 3338 1135 3381 eorum
1159 3318 1243 3380 circa

212 3417 346 3497 Guajaci
372 3436 464 3480 usum
490 3416 676 3493 nomiliam,
703 3428 804 3501 utque
827 3418 997 3501 accipiatur
1018 3429 1105 3480 vates
1128 3418 1162 3479 in
1181 3420 1245 3480 hoc

211 3517 343 3604 negotio
363 3519 526 3593 Stromer,
563 3516 684 3595 judicio
720 3539 794 3580 meo
827 3541 945 3595 verus,
980 3518 1244 3599 prudentissime·

212 3640 254 3685 nc
283 3619 453 3703 aliquando
479 3638 591 3680 manus
620 3630 781 3700 apponant
808 3619 873 3697 illi,
909 3631 1064 3683 metuens.
1102 3619 1246 3683 Proinde

208 3731 347 3804 experto
363 3719 439 3782 mihi
457 3717 588 3782 credant
608 3719 769 3795 homines,
790 3721 862 3784 satis
885 3723 1037 3785 essehoc
1058 3721 1245 3795 remedium,

215 3822 304 3906 qnod
328 3821 422 3883 istum
446 3821 532 3882 tollat
558 3819 725 3896 morbum,
752 3832 784 3884 et
803 3825 906 3887 solum
931 3823 1005 3888 satis
1031 3844 1117 3898 esse,
1138 3842 1246 3906 neque

215 3933 365 4004 praterea
387 3920 593 4003 quaerendum
612 3920 748 4004 aliquid,
768 3921 830 3986 nisi
852 3926 943 4008 quod
964 3924 1054 4001 dixi,
1076 3935 1108 3987 ct
1126 3922 1246 4004 aprin-

215 4024 300 4106 cipio
321 4020 560 4105 expurgandam
580 4023 705 4098 alvum,
734 4035 765 4086 et
793 4024 1032 4108 quirrtodecimo
1054 4023 1170 4086 iterum
1193 4021 1247 4084 die

214 4124 348 4201 leviter,
379 4142 571 4206 rursumque
596 4122 629 4184 iu
646 4114 720 4185 ¹fure
752 4122 934 4188 curationis.
982 4125 1086 4207 quue
1114 4120 1247 4203 simplici

216 4225 344 4308 aliquo,
374 4235 517 4286 autnon
543 4244 562 4285 e
585 4224 690 4288 multis
708 4223 880 4299 admodum
906 4222 1085 4305 composito
1110 4219 1248 4283 medica·

216 4335 335 4391 mento.
373 4325 475 4388 Valde
500 4323 648 4391 existimo
672 4324 777 4401 enirn,
808 4326 899 4389 lucro
924 4321 968 4386 ibi
995 4325 1162 4387 consulere
1186 4342 1249 4385 suo

217 4426 379 4505 medicos,
396 4446 465 4491 non
478 4425 642 4492 bominum
661 4424 773 4501 salon,
802 4426 933 4506 quando
955 4424 1083 4497 dicunt,
1104 4444 1248 4507 quaercn·
