2632 5086
201 794 273 869 208
416 776 561 863 Erasini
585 782 634 859 ad
657 784 733 858 Ulr.
757 783 961 857 Huttenum

202 980 465 1063 oontemplatione
498 977 628 1044 versari
681 975 744 1039 Sed
777 975 912 1056 primum
931 974 978 1061 ,orl
1006 977 1109 1037 «areli
1132 971 1228 1049 ἀνδρὸς

203 1089 279 1151 laris
299 1104 409 1148 omnes
429 1090 524 1145 Mori
543 1081 634 1142 dotes
651 1078 863 1159 perspexisse.
901 1076 1025 1139 Deinde
1044 1078 1129 1140 haud
1147 1077 1227 1154 seio,

202 1184 313 1249 anille
337 1186 455 1246 laturus
476 1183 535 1256 sit,
555 1179 731 1262 equolibet
751 1179 870 1240 artilice
889 1177 1019 1258 depingi
1038 1198 1119 1239 sese.
1160 1180 1228 1243 Nee

202 1286 287 1349 enim
305 1285 441 1347 arbitror
458 1280 587 1344 levioris
596 1299 665 1343 esse
685 1300 790 1359 operae
803 1287 938 1340 Morum
952 1279 1119 1357 effingere,
1133 1300 1227 1361 quarn

207 1392 428 1448 Alexandrum
447 1401 612 1465 magnum,
640 1391 693 1442 aut
712 1389 887 1455 Achillem,
917 1378 1037 1441 necilli
1065 1401 1158 1462 quam
1177 1381 1229 1443 hic

204 1495 314 1547 noster
333 1481 562 1546 immortalitate
582 1480 745 1562 digniores
772 1492 870 1543 erant.
910 1482 988 1541 'l'ale
1009 1492 1229 1561 argumentum

204 1604 335 1666 prorsus
357 1592 482 1660 Apellis
501 1579 677 1660 cujuspiam
700 1601 826 1642 manum
850 1580 1022 1652 desiderum
1053 1591 1082 1640 at
1100 1598 1227 1654 vereor,

204 1704 244 1747 ne
261 1683 329 1765 ipse
351 1691 481 1758 Fuluii,
510 1689 701 1762 Rutubaeque
719 1681 850 1743 similior
872 1681 947 1754 sim,
977 1700 1071 1762 quam
1092 1687 1226 1756 Apellis.

206 1782 361 1862 Experiar
384 1792 488 1842 tamen
504 1779 561 1841 tibi
577 1781 674 1841 totius
694 1781 829 1842 hominis
846 1780 1046 1842 simulacrum
1069 1779 1228 1839 delineare

205 1894 355 1967 quantum
380 1881 577 1963 exprimere,
609 1891 759 1961 quantum
785 1902 825 1942 en
853 1880 973 1941 diutina
993 1879 1229 1960 domesticaque

204 1983 434 2047 consuetudine
463 1983 514 2042 vel
542 1980 791 2041 animadvertere
823 1978 931 2053 licuit,
963 1981 1014 2041 vel
1040 1978 1229 2040 meminisse.

205 2084 304 2165 Quod
329 2082 357 2144 si
382 2082 510 2164 quando
538 2080 609 2153 fiet,
643 2089 676 2140 nt
704 2101 763 2139 ros
787 2079 890 2162 aliqua
910 2080 1027 2162 legatio
1047 2078 1231 2153 committat,

207 2194 274 2247 tum
298 2183 424 2245 demum
449 2179 625 2259 intelliges,
654 2200 748 2261 quam
774 2200 840 2241 uon
866 2180 1002 2261 probum
1021 2180 1172 2242 artificem
1192 2181 1232 2241 ad

204 2284 266 2348 hoc
285 2281 410 2364 negotii
430 2278 604 2359 delegeris,
633 2299 814 2362 vereorque
836 2284 943 2362 plane,
975 2302 1016 2343 ne
1037 2302 1088 2343 me
1107 2291 1160 2342 ant
1183 2279 1254 2340 in·'

206 2382 352 2447 ridentis
380 2383 527 2456 incuses,
562 2390 617 2443 aut
639 2381 858 2456 caeeruienriae,
891 2383 946 2464 qui
973 2401 1015 2442 ex
1040 2392 1104 2442 tam
1127 2379 1230 2442 multis

205 2483 299 2548 bonis
322 2495 385 2547 tarn
414 2500 514 2565 pauca
544 2483 597 2542 vel
620 2480 753 2543 viderim
778 2480 881 2562 lippus
908 2483 960 2544 vel
984 2501 1231 2543 commemorare

206 2583 364 2647 voluerim
385 2582 522 2645 invidus.
560 2581 669 2665 Atque
688 2592 723 2643 ut
745 2582 784 2643 ab
807 2603 845 2643 ea
869 2595 956 2661 parte
980 2583 1148 2657 exordiar,
1169 2604 1233 2667 qua

207 2681 265 2746 tibi
285 2689 405 2746 Morus
424 2692 473 2743 est
498 2681 731 2764 ignotissimos,
759 2692 877 2744 statura
897 2684 1060 2765 modoque
1086 2684 1231 2764 corporis

206 2792 255 2844 est
280 2779 363 2842 infra
392 2780 635 2863 proceritatem,
671 2803 766 2864 supra
789 2793 891 2843 temen
917 2782 1088 2845 notabilem
1110 2782 1233 2846 humili-

207 2892 312 2946 tatem.
351 2882 474 2947 Verum
494 2881 635 2946 omnium
652 2881 867 2944 membrorum
878 2892 962 2945 tanta
980 2895 1028 2946 est
1044 2882 1234 2962 symmetria,

207 2993 243 3047 ut
268 2982 344 3046 nihil
368 2983 421 3046 hie
445 2985 577 3045 omnino
605 2983 789 3060 desideres,
819 2996 892 3047 cute
919 2984 1064 3063 eorporis
1090 2985 1234 3059 eandida,

206 3084 304 3149 iacies
332 3083 432 3168 magis
459 3085 501 3148 ed
527 3085 697 3147 candorem
725 3085 839 3168 vergi,
878 3108 973 3168 quarn
1005 3087 1047 3148 ad
1071 3087 1234 3168 pallorem,

208 3206 398 3269 qumquam
415 3207 434 3247 a
449 3184 571 3248 rubore
595 3186 707 3264 procul
727 3186 836 3262 abest,
863 3185 924 3249 nisi
945 3187 1034 3269 quod
1054 3186 1157 3248 tenuis
1180 3187 1236 3248 ad·

208 3287 338 3348 modum
359 3284 461 3349 rubor
478 3287 599 3370 ubique
620 3287 783 3363 sublucet,
804 3285 907 3367 capilli
926 3286 1081 3369 subnigro
1101 3288 1234 3362 flavore,

210 3384 277 3449 sive
300 3385 418 3461 mavis,
446 3388 579 3449 sufflavo
602 3388 754 3467 nigrore,
784 3385 882 3448 barba
907 3387 1027 3461 rarior,
1055 3386 1140 3448 oculi
1160 3386 1236 3448 sub·

210 3485 311 3562 cerii,
339 3485 467 3550 maculis
496 3486 683 3570 quibusdam
712 3486 913 3569 interspersi,
945 3509 1015 3570 quae
1039 3485 1162 3567 species
1188 3486 1236 3548 in-

210 3585 338 3669 genium
352 3609 488 3669 arguere
501 3588 582 3651 solet
597 3585 828 3662 felicissimum,
849 3587 934 3668 apud
949 3597 1125 3652 Britannos
1142 3587 1238 3653 etiam

211 3687 350 3751 amabilis
375 3690 528 3763 habetur,
558 3708 631 3751 cum
655 3686 754 3751 nostri
781 3685 911 3768 nigrore
930 3689 1031 3770 magis
1062 3689 1237 3769 capiantur.

212 3791 336 3871 Negant
373 3790 469 3850 ullum
503 3789 669 3851 oculorum
702 3808 804 3872 genus
838 3787 941 3852 minus
971 3790 1113 3853 infestari
1139 3789 1237 3852 vitiis.

213 3890 329 3952 Vultus
347 3887 476 3971 ingenio
497 3889 684 3971 respondet,
705 3900 823 3973 gratam
841 3900 874 3953 et
891 3890 1021 3955 amicam
1036 3890 1237 3955 festivitatem

214 4010 337 4070 semper
356 4011 420 4070 prae
438 4009 473 4052 se
497 3989 623 4065 ferens,
645 4009 681 4052 ae
700 4012 766 4051 non
789 3990 865 4055 nihil
885 3992 925 4054 ad
945 3991 1076 4055 ridentis
1096 3990 1237 4054 habitum

213 4090 418 4171 conpositus.
464 4090 572 4172 Atque
599 4099 635 4151 nt
667 4089 806 4170 ingenue
834 4090 960 4154 dicam:
993 4093 1168 4173 appositior
1194 4091 1236 4153 ed

214 4187 441 4269 juetrnditatem
454 4189 602 4273 quemad
615 4190 799 4271 gravitatem
811 4202 865 4252 aut
877 4192 1096 4273 dignitateam,
1113 4189 1235 4255 etiarnsi

215 4287 396 4372 longissime
416 4289 506 4353 abest
531 4288 570 4351 ab
597 4290 713 4370 ineptia
736 4291 999 4376 scurrilitateque.
1035 4294 1158 4357 Dexter
1177 4292 1236 4359 ltu·

216 4408 322 4453 merus
346 4391 443 4470 paulo
469 4389 597 4455 ridetur
619 4389 808 4455 eminentior
833 4392 931 4469 lero,
964 4395 1136 4475 presertim
1162 4411 1236 4470 eum
