2632 5086
832 284 835 289 ,
866 282 873 289 ι

1118 430 1122 437 ι

138 756 212 831 ott
424 756 486 829 De
507 752 663 854 'Guojoci
685 751 899 828 medicine.
952 711 955 717 Ι

139 947 218 1010 citer
235 948 368 1013 credere
394 968 430 1011 se
450 946 535 1011 enim
554 947 671 1008 bonnm
689 945 836 1024 corporis
855 943 1116 1012 constitutionem
1133 950 1161 1014 ιι

138 1047 198 1123 ιιι,
226 1068 354 1112 servare
381 1069 469 1124 eom,
496 1046 579 1108 tueri
602 1056 639 1108 n
656 1034 855 1109 confirmare.
898 1047 1007 1130 Atque
1034 1049 1101 1135 hec
1119 1051 1161 1115 ds

137 1147 326 1231 juvsmentis
347 1146 478 1229 Gusjoci
497 1146 615 1211 dixisse
632 1146 780 1220 sufficiet,
809 1168 948 1230 quorum
966 1146 994 1211 si
1011 1168 1122 1215 causes
1143 1156 1162 1216 t

134 1269 190 1317 me
213 1259 418 1331 percontetur
444 1245 576 1331 aliquis,
612 1257 689 1308 tunc
713 1246 754 1336 sd
778 1247 919 1309 medicos
940 1268 1015 1311 cum
1033 1252 1161 1315 remitto

138 1363 302 1431 expertos.
338 1352 417 1413 Nom
441 1349 509 1428 ips'e
533 1344 610 1409 nihil
634 1347 695 1408 tate
714 1348 890 1428 profiteor,
913 1370 1024 1432 neque
1045 1349 1088 1414 ita
1114 1351 1162 1415 in·

137 1470 267 1535 gressus
286 1470 373 1524 sum,
393 1460 559 1511 uteorum
584 1467 655 1528 qne
677 1444 879 1523 scriherem,'
891 1449 1044 1512 continno
1065 1452 1161 1514 ratio·

106 1606 111 1617 .
137 1571 212 1615 nem
235 1570 368 1633 quoque
394 1549 580 1623 redderem,
604 1546 663 1609 sed
685 1548 747 1609 hoc
766 1546 914 1628 promisi,
944 1550 1098 1635 quicquid
1119 1553 1161 1615 de

139 1649 281 1730 Guojaco
302 1648 544 1728 comperissem,
572 1658 626 1709 sut
650 1647 684 1708 in
703 1668 773 1716 me.
803 1656 857 1710 out
869 1647 908 1709 'in
927 1649 1022 1723 otiis„
1037 1662 1070 1713 et
1089 1672 1160 1735 qne

136 1750 190 1811 vel
205 1749 273 1830 ipse
292 1747 458 1823 vidissem,
479 1749 585 1812 velex
602 1746 669 1808 eliis
688 1746 798 1809 auditu
816 1748 1022 1827 accepissem,
1042 1754 1160 1831 optimo

137 1851 172 1914 in
186 1851 290 1913 literas
308 1851 372 1913 fido
389 1822 562 1923 referrem,
579 1847 746 1911 relicturus
764 1868 868 1910 ensem
885 1861 958 1928 post
975 1864 1026 1911 'me
1045 1853 1161 1929 moitis,

137 1951 280 2035 quirem
300 1968 359 2030 pro
379 1969 436 2010 sus
454 1947 606 2029 dignitate
630 1947 842 2028 explicabunt.
880 1947 951 2009 Ει
941 1970 1019 2027 jam,
1048 1974 1090 2014 nc
1108 1955 1162 2017 cui

123 2050 236 2137 οιιιοιις
238 2050 337 2113 ιιιιιιιιι
356 2048 417 2122 sit,
448 2047 482 2109 ιιι
500 2070 550 2111 me
575 2047 655 2131 quid
673 2047 818 2109 effecerit
836 2047 1028 2129 Guajocnm,
1059 2052 1162 2119 ilicem

137 2150 255 2235 quibus
271 2147 418 2231 corporis
436 2147 595 2230 partibus,
607 2158 648 2211 et
666 2138 831 2231 quomodo
850 2148 979 2214 effectus
996 2149 1124 2214 fuerim.

568 2371 736 2389 *-

515 2533 635 2599 Cum*
664 2496 776 2598 XXV.

187 2683 292 2777 Quos
315 2652 401 2756 mihi
425 2685 576 2756 morbos
600 2681 779 2756 ademerit
804 2686 876 2758 hoc
899 2687 1114 2761 remedium.

212 2853 276 2914 Vct
301 2872 369 2915 uno
398 2853 460 2915 hoc
489 2866 606 2914 eventu
634 2852 797 2932 cognitum
824 2866 893 2931 est,
926 2855 961 2916 in
989 2856 1081 2917 nutto
1103 2874 1164 2919 nos

136 2952 283 3034 corporis
314 2954 417 3029 msto,
455 2964 734 3036 quantumcunque
769 2958 963 3017 conclamato
994 2955 1181 3065 desperaro

137 3065 299 3135 oportere.
345 3056 433 3136 Quot
459 3074 579 3115 eramus
607 3053 724 3114 enim
715 3074 732 3113 o
753 3054 879 3117 medicis
906 3055 1093 3134 deplorati
1083 3076 1164 3134 lom,

137 3175 198 3239 qut·
185 3153 308 3216 subita
328 3166 360 3216 et
373 3175 460 3236 quast
452 3154 588 3215 celitus
606 3148 835 3216 interveniente
849 3153 982 3235 Gnajoei
998 3177 1061 3237 ope
1076 3164 1165 3221 resti·

136 3253 242 3317 timus.
273 3255 447 3332 Quemnam
466 3252 543 3314 novi
560 3272 638 3314 vere
656 3252 789 3316 amicum
803 3255 878 3318 mihi
897 3257 954 3339 qui
966 3258 1164 3323 accrbissime

137 3352 306 3415 divexante
320 3372 371 3413 me
390 3362 456 3413 turn
475 3353 603 3428 morbo,
625 3374 697 3417 cum
715 3375 773 3435 per
788 3357 915 3420 dolores
927 3378 988 3420 nec
1000 3359 1165 3442 ‹miescere

137 3463 233 3517 noctu
255 3452 379 3525 liceret,
409 3472 470 3513 nec
487 3451 625 3516 interdiu
644 3454 750 3518 cibum
770 3477 898 3537 capere,
919 3460 1016 3520 suosit
1034 3470 1164 3521 mortem

22 3542 26 3551 ’
138 3553 229 3626 mihi,
259 3552 518 3640 quandoquidem
535 3552 710 3618 remedium
731 3576 799 3618 non
816 3557 1032 3634 inveniretur,
1062 3568 1095 3620 ct
1109 3560 1164 3621 de·

138 3653 237 3716 fluere
251 3671 368 3729 corpus
385 3652 477 3726 tabo,
492 3651 613 3733 ingenti
629 3674 701 3716 cum
718 3655 831 3718 dolore
848 3666 880 3719 et
896 3661 977 3721 notio
994 3659 1165 3722 inclinatio·

137 3754 185 3817 nis
198 3774 255 3833 spe
270 3750 448 3827 videretur,
468 3753 708 3817 consciscerem.
745 3756 816 3820 Jom
834 3773 865 3820 te
881 3758 980 3822 invito
997 3760 1070 3822 huic
1083 3762 1164 3822 moto

139 3853 221 3934 eripi
245 3852 337 3914 decet
360 3851 519 3935 inquiens.
557 3853 665 3937 Atque
690 3855 715 3919 is
740 3858 871 3941 quidem
890 3857 1086 3923 Christianos
1106 3881 1165 3923 nos

139 3974 210 4017 esse
231 3953 344 4015 oblitus
363 3966 445 4027 emt,
474 3955 590 4017 amicos
608 3974 678 4018 esse
698 3959 765 4039 pios
791 3959 884 4021 etiam
908 3980 1003 4042 quom
1023 3960 1164 4047 oportuit

139 4053 332 4117 meminerat.
371 4052 486 4117 Omnia
503 4052 539 4117 ιιι
558 4054 617 4117 illis
633 4055 709 4119 olim
726 4058 932 4136 martyribus,
961 4060 1017 4140 qui
1037 4078 1167 4122 strenue

139 4154 295 4217 cruciatus
320 4174 380 4234 pro
409 4154 537 4218 Christo
562 4158 761 4238 pertulerunt
788 4155 989 4236 suspicienda
1014 4169 1105 4232 sunt,
1140 4160 1168 4223 si

139 4254 211 4339 ¹qnis
231 4270 334 4319 tomen
352 4255 490 4319 deiicere
510 4255 627 4335 possit,
646 4276 683 4318 sc
698 4254 803 4319 animo
823 4255 904 4331 tabi,
925 4266 1011 4319 certe
1024 4257 1086 4331 hoc
1101 4269 1166 4323 tor·

141 4367 259 4438 quente
277 4354 391 4417 morbo
415 4354 544 4435 poterit.
580 4356 674 4439 Nego
695 4356 757 4424 tric
782 4354 901 4438 sliquid
926 4376 1051 4440 pessum
1070 4362 1165 4425 etiam
