<?xml version="1.0" encoding="UTF-8"?>
<!DOCTYPE html PUBLIC "-//W3C//DTD XHTML 1.0 Transitional//EN"
    "http://www.w3.org/TR/xhtml1/DTD/xhtml1-transitional.dtd">
<html xmlns="http://www.w3.org/1999/xhtml" xml:lang="en" lang="en">
 <head>
  <title>
</title>
<meta http-equiv="Content-Type" content="text/html;charset=utf-8" />
  <meta name='ocr-system' content='tesseract 3.04.00' />
  <meta name='ocr-capabilities' content='ocr_page ocr_carea ocr_par ocr_line ocrx_word'/>
</head>
<body>
  <div class='ocr_page' id='page_1' title='image "./ulrichiabhutten02mngoog_0224.png"; bbox 0 0 2632 5086; ppageno 0'>
   <div class='ocr_carea' id='block_1_1' title="bbox 107 786 989 869">
    <p class='ocr_par' dir='ltr' id='par_1_1' title="bbox 107 786 989 869">
     <span class='ocr_line' id='line_1_1' title="bbox 107 786 989 869; baseline -0.008 0"><span class='ocrx_word' id='word_1_1' title='bbox 107 835 116 853; x_wconf 47' lang='grc' dir='ltr'>κ</span> <span class='ocrx_word' id='word_1_2' title='bbox 206 791 279 869; x_wconf 72' lang='lat' dir='ltr'>2l1l</span> <span class='ocrx_word' id='word_1_3' title='bbox 445 790 589 866; x_wconf 85' lang='lat' dir='ltr'>Erasmi</span> <span class='ocrx_word' id='word_1_4' title='bbox 613 789 661 862; x_wconf 88' lang='lat' dir='ltr'>ad</span> <span class='ocrx_word' id='word_1_5' title='bbox 685 786 762 863; x_wconf 89' lang='lat' dir='ltr'>Ulr.</span> <span class='ocrx_word' id='word_1_6' title='bbox 785 787 989 862; x_wconf 84' lang='lat' dir='ltr'>Huttenunt</span> 
     </span>
    </p>
   </div>
   <div class='ocr_carea' id='block_1_2' title="bbox 119 976 1242 4489">
    <p class='ocr_par' dir='ltr' id='par_1_2' title="bbox 119 976 1242 4489">
     <span class='ocr_line' id='line_1_2' title="bbox 206 976 1232 1061; baseline -0.01 -12"><span class='ocrx_word' id='word_1_7' title='bbox 206 983 375 1058; x_wconf 69' lang='lat' dir='ltr'>manavit,</span> <span class='ocrx_word' id='word_1_8' title='bbox 395 1003 431 1043; x_wconf 90' lang='lat' dir='ltr'>ac</span> <span class='ocrx_word' id='word_1_9' title='bbox 442 992 588 1045; x_wconf 87' lang='lat' dir='ltr'>matrem:</span> <span class='ocrx_word' id='word_1_10' title='bbox 610 979 722 1061; x_wconf 82' lang='lat' dir='ltr'>Nuper</span> <span class='ocrx_word' id='word_1_11' title='bbox 735 977 862 1043; x_wconf 87' lang='lat' dir='ltr'>induxit</span> <span class='ocrx_word' id='word_1_12' title='bbox 876 976 1016 1054; x_wconf 85' lang='lat' dir='ltr'>tertiam,</span> <span class='ocrx_word' id='word_1_13' title='bbox 1034 976 1093 1041; x_wconf 84' lang='lat' dir='ltr'>lrac</span> <span class='ocrx_word' id='word_1_14' title='bbox 1110 982 1232 1039; x_wconf 82' lang='lat' dir='ltr'>Morus</span> 
     </span>
     <span class='ocr_line' id='line_1_3' title="bbox 119 1077 1233 1165; baseline -0.011 -15"><span class='ocrx_word' id='word_1_15' title='bbox 119 1082 124 1103; x_wconf 90' lang='lat'>&#39;</span> <span class='ocrx_word' id='word_1_16' title='bbox 204 1094 311 1149; x_wconf 83' lang='lat' dir='ltr'>sancte</span> <span class='ocrx_word' id='word_1_17' title='bbox 336 1080 477 1165; x_wconf 88' lang='lat' dir='ltr'>dejerat,</span> <span class='ocrx_word' id='word_1_18' title='bbox 497 1102 532 1144; x_wconf 93' lang='lat' dir='ltr'>se</span> <span class='ocrx_word' id='word_1_19' title='bbox 552 1081 629 1145; x_wconf 87' lang='lat' dir='ltr'>nihil</span> <span class='ocrx_word' id='word_1_20' title='bbox 656 1099 797 1164; x_wconf 85' lang='lat' dir='ltr'>unquam</span> <span class='ocrx_word' id='word_1_21' title='bbox 821 1079 939 1163; x_wconf 81' lang='lat' dir='ltr'>vidisse</span> <span class='ocrx_word' id='word_1_22' title='bbox 963 1077 1086 1141; x_wconf 87' lang='lat' dir='ltr'>melius.</span> <span class='ocrx_word' id='word_1_23' title='bbox 1126 1078 1233 1141; x_wconf 89' lang='lat' dir='ltr'>Porro</span> 
     </span>
     <span class='ocr_line' id='line_1_4' title="bbox 205 1178 1231 1265; baseline -0.009 -18"><span class='ocrx_word' id='word_1_24' title='bbox 205 1203 282 1265; x_wconf 81' lang='lat' dir='ltr'>erga</span> <span class='ocrx_word' id='word_1_25' title='bbox 307 1193 452 1265; x_wconf 86' lang='lat' dir='ltr'>parentes</span> <span class='ocrx_word' id='word_1_26' title='bbox 478 1203 515 1244; x_wconf 86' lang='lat' dir='ltr'>ac</span> <span class='ocrx_word' id='word_1_27' title='bbox 541 1182 682 1257; x_wconf 79' lang='lat' dir='ltr'>liberos,</span> <span class='ocrx_word' id='word_1_28' title='bbox 720 1200 914 1263; x_wconf 89' lang='lat' dir='ltr'>sororesque</span> <span class='ocrx_word' id='word_1_29' title='bbox 943 1178 990 1241; x_wconf 85' lang='lat' dir='ltr'>sic</span> <span class='ocrx_word' id='word_1_30' title='bbox 1018 1179 1149 1242; x_wconf 80' lang='lat' dir='ltr'>affectus</span> <span class='ocrx_word' id='word_1_31' title='bbox 1172 1188 1231 1254; x_wconf 85' lang='lat' dir='ltr'>est,</span> 
     </span>
     <span class='ocr_line' id='line_1_5' title="bbox 203 1278 1231 1365; baseline -0.006 -18"><span class='ocrx_word' id='word_1_32' title='bbox 203 1292 242 1347; x_wconf 90' lang='lat' dir='ltr'>ut</span> <span class='ocrx_word' id='word_1_33' title='bbox 259 1302 320 1345; x_wconf 89' lang='lat' dir='ltr'>nec</span> <span class='ocrx_word' id='word_1_34' title='bbox 341 1293 424 1345; x_wconf 82' lang='lat' dir='ltr'>amet</span> <span class='ocrx_word' id='word_1_35' title='bbox 448 1284 600 1358; x_wconf 80' lang='lat' dir='ltr'>moleste,</span> <span class='ocrx_word' id='word_1_36' title='bbox 627 1301 688 1343; x_wconf 88' lang='lat' dir='ltr'>nec</span> <span class='ocrx_word' id='word_1_37' title='bbox 711 1301 851 1365; x_wconf 79' lang='lat' dir='ltr'>unquam</span> <span class='ocrx_word' id='word_1_38' title='bbox 872 1278 953 1342; x_wconf 83' lang='lat' dir='ltr'>desit</span> <span class='ocrx_word' id='word_1_39' title='bbox 972 1279 1077 1342; x_wconf 88' lang='lat' dir='ltr'>officio</span> <span class='ocrx_word' id='word_1_40' title='bbox 1097 1278 1231 1360; x_wconf 80' lang='lat' dir='ltr'>pietatis.</span> 
     </span>
     <span class='ocr_line' id='line_1_6' title="bbox 204 1377 1229 1447; baseline -0.005 0"><span class='ocrx_word' id='word_1_41' title='bbox 204 1381 338 1447; x_wconf 80' lang='lat' dir='ltr'>Animus</span> <span class='ocrx_word' id='word_1_42' title='bbox 367 1391 416 1446; x_wconf 93' lang='lat' dir='ltr'>est</span> <span class='ocrx_word' id='word_1_43' title='bbox 440 1404 459 1445; x_wconf 90' lang='lat' dir='ltr'>a</span> <span class='ocrx_word' id='word_1_44' title='bbox 484 1382 617 1445; x_wconf 84' lang='lat' dir='ltr'>sordido</span> <span class='ocrx_word' id='word_1_45' title='bbox 642 1384 733 1445; x_wconf 92' lang='lat' dir='ltr'>lucro</span> <span class='ocrx_word' id='word_1_46' title='bbox 753 1380 970 1446; x_wconf 83' lang='lat' dir='ltr'>alienissimus.</span> <span class='ocrx_word' id='word_1_47' title='bbox 1009 1377 1137 1442; x_wconf 85' lang='lat' dir='ltr'>Liberis</span> <span class='ocrx_word' id='word_1_48' title='bbox 1163 1378 1229 1442; x_wconf 87' lang='lat' dir='ltr'>suis</span> 
     </span>
     <span class='ocr_line' id='line_1_7' title="bbox 187 1480 1230 1566; baseline -0.006 -19"><span class='ocrx_word' id='word_1_49' title='bbox 187 1482 339 1549; x_wconf 80' lang='lat' dir='ltr'>‚semovit</span> <span class='ocrx_word' id='word_1_50' title='bbox 359 1493 390 1544; x_wconf 90' lang='lat' dir='ltr'>et</span> <span class='ocrx_word' id='word_1_51' title='bbox 411 1482 628 1558; x_wconf 78' lang='lat' dir='ltr'>facultatibus,</span> <span class='ocrx_word' id='word_1_52' title='bbox 649 1483 743 1566; x_wconf 82' lang='lat' dir='ltr'>quod¹</span> <span class='ocrx_word' id='word_1_53' title='bbox 756 1481 816 1545; x_wconf 89' lang='lat' dir='ltr'>illis</span> <span class='ocrx_word' id='word_1_54' title='bbox 836 1482 909 1542; x_wconf 85' lang='lat' dir='ltr'>satis</span> <span class='ocrx_word' id='word_1_55' title='bbox 925 1502 995 1543; x_wconf 86' lang='lat' dir='ltr'>esse</span> <span class='ocrx_word' id='word_1_56' title='bbox 1014 1491 1117 1564; x_wconf 86' lang='lat' dir='ltr'>putat,</span> <span class='ocrx_word' id='word_1_57' title='bbox 1138 1480 1230 1562; x_wconf 86' lang='lat' dir='ltr'>quod</span> 
     </span>
     <span class='ocr_line' id='line_1_8' title="bbox 204 1579 1229 1665; baseline -0.005 -20"><span class='ocrx_word' id='word_1_58' title='bbox 204 1595 349 1661; x_wconf 77' lang='lat' dir='ltr'>superest</span> <span class='ocrx_word' id='word_1_59' title='bbox 376 1583 506 1665; x_wconf 88' lang='lat' dir='ltr'>largiter</span> <span class='ocrx_word' id='word_1_60' title='bbox 535 1581 679 1645; x_wconf 80' lang='lat' dir='ltr'>effundit.</span> <span class='ocrx_word' id='word_1_61' title='bbox 725 1580 809 1646; x_wconf 89' lang='lat' dir='ltr'>Cum</span> <span class='ocrx_word' id='word_1_62' title='bbox 838 1579 1098 1643; x_wconf 77' lang='lat' dir='ltr'>advocationibus</span> <span class='ocrx_word' id='word_1_63' title='bbox 1126 1581 1229 1641; x_wconf 90' lang='lat' dir='ltr'>adhuc</span> 
     </span>
     <span class='ocr_line' id='line_1_9' title="bbox 203 1679 1227 1764; baseline -0.006 -19"><span class='ocrx_word' id='word_1_64' title='bbox 203 1684 341 1747; x_wconf 74' lang='lat' dir='ltr'>aleretur</span> <span class='ocrx_word' id='word_1_65' title='bbox 367 1683 445 1746; x_wconf 89' lang='lat' dir='ltr'>nulli</span> <span class='ocrx_word' id='word_1_66' title='bbox 473 1704 539 1745; x_wconf 91' lang='lat' dir='ltr'>non</span> <span class='ocrx_word' id='word_1_67' title='bbox 568 1683 657 1745; x_wconf 84' lang='lat' dir='ltr'><strong>dedit</strong></span> <span class='ocrx_word' id='word_1_68' title='bbox 686 1682 821 1745; x_wconf 86' lang='lat' dir='ltr'>amicum</span> <span class='ocrx_word' id='word_1_69' title='bbox 845 1702 1022 1764; x_wconf 83' lang='lat' dir='ltr'>verumque</span> <span class='ocrx_word' id='word_1_70' title='bbox 1050 1679 1227 1754; x_wconf 75' lang='lat' dir='ltr'>consiliunt,</span> 
     </span>
     <span class='ocr_line' id='line_1_10' title="bbox 201 1779 1227 1864; baseline -0.006 -17"><span class='ocrx_word' id='word_1_71' title='bbox 201 1782 301 1864; x_wconf 83' lang='lat' dir='ltr'>magis</span> <span class='ocrx_word' id='word_1_72' title='bbox 321 1782 447 1847; x_wconf 90' lang='lat' dir='ltr'>illorum</span> <span class='ocrx_word' id='word_1_73' title='bbox 461 1784 636 1846; x_wconf 88' lang='lat' dir='ltr'>commodis</span> <span class='ocrx_word' id='word_1_74' title='bbox 656 1781 876 1864; x_wconf 80' lang='lat' dir='ltr'>prospiciens,</span> <span class='ocrx_word' id='word_1_75' title='bbox 905 1801 998 1864; x_wconf 88' lang='lat' dir='ltr'>quam</span> <span class='ocrx_word' id='word_1_76' title='bbox 1015 1780 1097 1843; x_wconf 89' lang='lat' dir='ltr'>suis:</span> <span class='ocrx_word' id='word_1_77' title='bbox 1118 1779 1227 1862; x_wconf 87' lang='lat' dir='ltr'>pleris-</span> 
     </span>
     <span class='ocr_line' id='line_1_11' title="bbox 202 1879 1226 1969; baseline -0.003 -23"><span class='ocrx_word' id='word_1_78' title='bbox 202 1904 267 1969; x_wconf 86' lang='lat' dir='ltr'>que</span> <span class='ocrx_word' id='word_1_79' title='bbox 293 1884 404 1948; x_wconf 89' lang='lat' dir='ltr'>solitus</span> <span class='ocrx_word' id='word_1_80' title='bbox 427 1886 637 1965; x_wconf 88' lang='lat' dir='ltr'>persuadere,</span> <span class='ocrx_word' id='word_1_81' title='bbox 665 1882 711 1946; x_wconf 90' lang='lat' dir='ltr'>uti</span> <span class='ocrx_word' id='word_1_82' title='bbox 734 1882 820 1946; x_wconf 88' lang='lat' dir='ltr'>litem</span> <span class='ocrx_word' id='word_1_83' title='bbox 846 1891 1093 1960; x_wconf 81' lang='lat' dir='ltr'>componerent,</span> <span class='ocrx_word' id='word_1_84' title='bbox 1122 1879 1226 1943; x_wconf 80' lang='lat' dir='ltr'>missus</span> 
     </span>
     <span class='ocr_line' id='line_1_12' title="bbox 201 1981 1228 2066; baseline 0 -21"><span class='ocrx_word' id='word_1_85' title='bbox 201 1983 286 2046; x_wconf 83' lang='lat' dir='ltr'>enirn</span> <span class='ocrx_word' id='word_1_86' title='bbox 308 1984 359 2045; x_wconf 90' lang='lat' dir='ltr'>hic</span> <span class='ocrx_word' id='word_1_87' title='bbox 386 1984 460 2062; x_wconf 77' lang='lat' dir='ltr'>fore</span> <span class='ocrx_word' id='word_1_88' title='bbox 488 1982 657 2066; x_wconf 85' lang='lat' dir='ltr'>dispendii.</span> <span class='ocrx_word' id='word_1_89' title='bbox 695 1982 733 2045; x_wconf 87' lang='lat' dir='ltr'>ld</span> <span class='ocrx_word' id='word_1_90' title='bbox 755 1983 782 2047; x_wconf 91' lang='lat' dir='ltr'>si</span> <span class='ocrx_word' id='word_1_91' title='bbox 806 1983 908 2045; x_wconf 88' lang='lat' dir='ltr'>minus</span> <span class='ocrx_word' id='word_1_92' title='bbox 933 1981 1134 2064; x_wconf 75' lang='lat' dir='ltr'>impetrabat,</span> <span class='ocrx_word' id='word_1_93' title='bbox 1160 1993 1228 2045; x_wconf 88' lang='lat' dir='ltr'>turn</span> 
     </span>
     <span class='ocr_line' id='line_1_13' title="bbox 201 2070 1227 2167; baseline -0.002 -20"><span class='ocrx_word' id='word_1_94' title='bbox 201 2081 355 2147; x_wconf 71' lang='lat' dir='ltr'>radonem</span> <span class='ocrx_word' id='word_1_95' title='bbox 377 2082 535 2147; x_wconf 82' lang='lat' dir='ltr'>indicabat</span> <span class='ocrx_word' id='word_1_96' title='bbox 552 2105 616 2166; x_wconf 86' lang='lat' dir='ltr'>qua</span> <span class='ocrx_word' id='word_1_97' title='bbox 636 2094 766 2164; x_wconf 75' lang='lat' dir='ltr'>possent</span> <span class='ocrx_word' id='word_1_98' title='bbox 792 2105 888 2167; x_wconf 87' lang='lat' dir='ltr'>qnam</span> <span class='ocrx_word' id='word_1_99' title='bbox 909 2082 1038 2146; x_wconf 84' lang='lat' dir='ltr'>rniniruo</span> <span class='ocrx_word' id='word_1_100' title='bbox 1057 2070 1227 2163; x_wconf 81' lang='lat' dir='ltr'>tlis&#39;pentlio</span> 
     </span>
     <span class='ocr_line' id='line_1_14' title="bbox 200 2182 1226 2267; baseline -0.001 -21"><span class='ocrx_word' id='word_1_101' title='bbox 200 2182 342 2267; x_wconf 80' lang='lat' dir='ltr'>litigare,</span> <span class='ocrx_word' id='word_1_102' title='bbox 374 2184 503 2266; x_wconf 89' lang='lat' dir='ltr'>quando</span> <span class='ocrx_word' id='word_1_103' title='bbox 530 2183 718 2266; x_wconf 85' lang='lat' dir='ltr'>quibusdam</span> <span class='ocrx_word' id='word_1_104' title='bbox 743 2183 794 2246; x_wconf 88' lang='lat' dir='ltr'>hic</span> <span class='ocrx_word' id='word_1_105' title='bbox 818 2183 937 2246; x_wconf 80' lang='lat' dir='ltr'>arsimus</span> <span class='ocrx_word' id='word_1_106' title='bbox 958 2194 1026 2260; x_wconf 84' lang='lat' dir='ltr'>est,</span> <span class='ocrx_word' id='word_1_107' title='bbox 1060 2195 1095 2246; x_wconf 93' lang='lat' dir='ltr'>ut</span> <span class='ocrx_word' id='word_1_108' title='bbox 1118 2182 1226 2247; x_wconf 83' lang='lat' dir='ltr'>litibus</span> 
     </span>
     <span class='ocr_line' id='line_1_15' title="bbox 199 2283 1224 2367; baseline -0.001 -20"><span class='ocrx_word' id='word_1_109' title='bbox 199 2283 295 2347; x_wconf 85' lang='lat' dir='ltr'>etiarn</span> <span class='ocrx_word' id='word_1_110' title='bbox 326 2285 534 2349; x_wconf 85' lang='lat' dir='ltr'>delectentur.</span> <span class='ocrx_word' id='word_1_111' title='bbox 580 2285 618 2347; x_wconf 92' lang='lat' dir='ltr'>ln</span> <span class='ocrx_word' id='word_1_112' title='bbox 641 2286 722 2349; x_wconf 89' lang='lat' dir='ltr'>urbe</span> <span class='ocrx_word' id='word_1_113' title='bbox 750 2294 962 2351; x_wconf 80' lang='lat' dir='ltr'>Londiniensi</span> <span class='ocrx_word' id='word_1_114' title='bbox 989 2284 1022 2347; x_wconf 93' lang='lat' dir='ltr'>in</span> <span class='ocrx_word' id='word_1_115' title='bbox 1049 2304 1112 2367; x_wconf 84' lang='lat' dir='ltr'>qua</span> <span class='ocrx_word' id='word_1_116' title='bbox 1133 2294 1224 2346; x_wconf 86' lang='lat' dir='ltr'>natus</span> 
     </span>
     <span class='ocr_line' id='line_1_16' title="bbox 199 2380 1224 2470; baseline -0.002 -23"><span class='ocrx_word' id='word_1_117' title='bbox 199 2396 267 2462; x_wconf 85' lang='lat' dir='ltr'>cst,</span> <span class='ocrx_word' id='word_1_118' title='bbox 291 2405 391 2448; x_wconf 85' lang='lat' dir='ltr'>annos</span> <span class='ocrx_word' id='word_1_119' title='bbox 410 2385 530 2470; x_wconf 86' lang='lat' dir='ltr'>aliquot</span> <span class='ocrx_word' id='word_1_120' title='bbox 549 2380 688 2469; x_wconf 81' lang='lat' dir='ltr'>judicem</span> <span class='ocrx_word' id='word_1_121' title='bbox 707 2386 789 2470; x_wconf 85' lang='lat' dir='ltr'>egit,</span> <span class='ocrx_word' id='word_1_122' title='bbox 822 2387 855 2447; x_wconf 90' lang='lat' dir='ltr'>in</span> <span class='ocrx_word' id='word_1_123' title='bbox 879 2386 980 2448; x_wconf 87' lang='lat' dir='ltr'>causis</span> <span class='ocrx_word' id='word_1_124' title='bbox 1004 2384 1165 2460; x_wconf 88' lang='lat' dir='ltr'>civilibus,</span> <span class='ocrx_word' id='word_1_125' title='bbox 1190 2384 1224 2446; x_wconf 90' lang='lat' dir='ltr'>id</span> 
     </span>
     <span class='ocr_line' id='line_1_17' title="bbox 198 2483 1225 2563; baseline -0.006 -10"><span class='ocrx_word' id='word_1_126' title='bbox 198 2506 313 2553; x_wconf 82' lang='lat' dir='ltr'>munus</span> <span class='ocrx_word' id='word_1_127' title='bbox 333 2499 369 2550; x_wconf 90' lang='lat' dir='ltr'>ut</span> <span class='ocrx_word' id='word_1_128' title='bbox 386 2488 550 2551; x_wconf 87' lang='lat' dir='ltr'>minimum</span> <span class='ocrx_word' id='word_1_129' title='bbox 566 2487 660 2550; x_wconf 87' lang='lat' dir='ltr'>hahet</span> <span class='ocrx_word' id='word_1_130' title='bbox 678 2485 800 2562; x_wconf 88' lang='lat' dir='ltr'>oneris,</span> <span class='ocrx_word' id='word_1_131' title='bbox 823 2488 909 2563; x_wconf 86' lang='lat' dir='ltr'>(narn</span> <span class='ocrx_word' id='word_1_132' title='bbox 928 2506 994 2546; x_wconf 90' lang='lat' dir='ltr'>non</span> <span class='ocrx_word' id='word_1_133' title='bbox 1015 2486 1145 2547; x_wconf 85' lang='lat' dir='ltr'>sedetur</span> <span class='ocrx_word' id='word_1_134' title='bbox 1164 2483 1225 2547; x_wconf 86' lang='lat' dir='ltr'>nisi</span> 
     </span>
     <span class='ocr_line' id='line_1_18' title="bbox 198 2585 1227 2670; baseline -0.001 -19"><span class='ocrx_word' id='word_1_135' title='bbox 198 2586 252 2651; x_wconf 87' lang='lat' dir='ltr'>die</span> <span class='ocrx_word' id='word_1_136' title='bbox 268 2586 359 2650; x_wconf 83' lang='lat' dir='ltr'>Jovis</span> <span class='ocrx_word' id='word_1_137' title='bbox 379 2588 536 2670; x_wconf 81' lang='lat' dir='ltr'>usquead</span> <span class='ocrx_word' id='word_1_138' title='bbox 553 2587 733 2664; x_wconf 86' lang='lat' dir='ltr'>prandium)</span> <span class='ocrx_word' id='word_1_139' title='bbox 747 2587 790 2653; x_wconf 83' lang='lat' dir='ltr'>ita</span> <span class='ocrx_word' id='word_1_140' title='bbox 807 2607 879 2649; x_wconf 86' lang='lat' dir='ltr'>curn</span> <span class='ocrx_word' id='word_1_141' title='bbox 893 2585 1001 2667; x_wconf 86' lang='lat' dir='ltr'>primis</span> <span class='ocrx_word' id='word_1_142' title='bbox 1012 2586 1227 2650; x_wconf 81' lang='lat' dir='ltr'>honorificum</span> 
     </span>
     <span class='ocr_line' id='line_1_19' title="bbox 196 2684 1226 2771; baseline -0.003 -20"><span class='ocrx_word' id='word_1_143' title='bbox 196 2684 341 2751; x_wconf 81' lang='lat' dir='ltr'>habetur.</span> <span class='ocrx_word' id='word_1_144' title='bbox 380 2688 483 2750; x_wconf 87' lang='lat' dir='ltr'>Nemo</span> <span class='ocrx_word' id='word_1_145' title='bbox 509 2690 616 2771; x_wconf 85' lang='lat' dir='ltr'>plures</span> <span class='ocrx_word' id='word_1_146' title='bbox 642 2707 751 2752; x_wconf 85' lang='lat' dir='ltr'>causas</span> <span class='ocrx_word' id='word_1_147' title='bbox 776 2685 931 2761; x_wconf 83' lang='lat' dir='ltr'>absolvit,</span> <span class='ocrx_word' id='word_1_148' title='bbox 957 2707 1053 2749; x_wconf 88' lang='lat' dir='ltr'>nemo</span> <span class='ocrx_word' id='word_1_149' title='bbox 1072 2706 1108 2750; x_wconf 87' lang='lat' dir='ltr'>se</span> <span class='ocrx_word' id='word_1_150' title='bbox 1128 2685 1226 2769; x_wconf 78' lang='lat' dir='ltr'>gessit</span> 
     </span>
     <span class='ocr_line' id='line_1_20' title="bbox 196 2784 1225 2871; baseline 0.003 -23"><span class='ocrx_word' id='word_1_151' title='bbox 196 2784 370 2868; x_wconf 84' lang='lat' dir='ltr'>integrius,</span> <span class='ocrx_word' id='word_1_152' title='bbox 388 2786 519 2869; x_wconf 78' lang='lat' dir='ltr'>remissa</span> <span class='ocrx_word' id='word_1_153' title='bbox 530 2788 693 2871; x_wconf 88' lang='lat' dir='ltr'>plerisque</span> <span class='ocrx_word' id='word_1_154' title='bbox 705 2787 857 2869; x_wconf 86' lang='lat' dir='ltr'>pecunia,</span> <span class='ocrx_word' id='word_1_155' title='bbox 879 2807 974 2870; x_wconf 87' lang='lat' dir='ltr'>quarn</span> <span class='ocrx_word' id='word_1_156' title='bbox 986 2808 1029 2850; x_wconf 87' lang='lat' dir='ltr'>ex</span> <span class='ocrx_word' id='word_1_157' title='bbox 1040 2787 1225 2868; x_wconf 83' lang='lat' dir='ltr'>praescripta</span> 
     </span>
     <span class='ocr_line' id='line_1_21' title="bbox 196 2884 1226 2973; baseline 0.003 -24"><span class='ocrx_word' id='word_1_158' title='bbox 196 2884 315 2949; x_wconf 88' lang='lat' dir='ltr'>debent</span> <span class='ocrx_word' id='word_1_159' title='bbox 335 2887 391 2971; x_wconf 92' lang='lat' dir='ltr'>qui</span> <span class='ocrx_word' id='word_1_160' title='bbox 414 2887 546 2972; x_wconf 82' lang='lat' dir='ltr'>litigant.</span> <span class='ocrx_word' id='word_1_161' title='bbox 582 2888 748 2973; x_wconf 87' lang='lat' dir='ltr'>Siquidem</span> <span class='ocrx_word' id='word_1_162' title='bbox 776 2899 848 2949; x_wconf 90' lang='lat' dir='ltr'>ante</span> <span class='ocrx_word' id='word_1_163' title='bbox 870 2887 934 2950; x_wconf 88' lang='lat' dir='ltr'>litia</span> <span class='ocrx_word' id='word_1_164' title='bbox 962 2886 1226 2952; x_wconf 78' lang='lat' dir='ltr'>contestationem</span> 
     </span>
     <span class='ocr_line' id='line_1_22' title="bbox 195 2988 1225 3070; baseline 0.004 -22"><span class='ocrx_word' id='word_1_165' title='bbox 195 2996 285 3049; x_wconf 81' lang='lat' dir='ltr'>actor</span> <span class='ocrx_word' id='word_1_166' title='bbox 304 2988 436 3068; x_wconf 90' lang='lat' dir='ltr'>deponit</span> <span class='ocrx_word' id='word_1_167' title='bbox 456 3000 520 3052; x_wconf 89' lang='lat' dir='ltr'>tres</span> <span class='ocrx_word' id='word_1_168' title='bbox 541 2989 718 3066; x_wconf 78' lang='lat' dir='ltr'>drachmas,</span> <span class='ocrx_word' id='word_1_169' title='bbox 741 2989 874 3053; x_wconf 88' lang='lat' dir='ltr'>totidem</span> <span class='ocrx_word' id='word_1_170' title='bbox 896 3010 989 3065; x_wconf 87' lang='lat' dir='ltr'>reus,</span> <span class='ocrx_word' id='word_1_171' title='bbox 1012 3009 1073 3052; x_wconf 89' lang='lat' dir='ltr'>nec</span> <span class='ocrx_word' id='word_1_172' title='bbox 1092 2988 1225 3070; x_wconf 86' lang='lat' dir='ltr'>amplius</span> 
     </span>
     <span class='ocr_line' id='line_1_23' title="bbox 196 3086 1242 3177; baseline 0.002 -26"><span class='ocrx_word' id='word_1_173' title='bbox 196 3086 367 3173; x_wconf 78' lang='lat' dir='ltr'>quicquam</span> <span class='ocrx_word' id='word_1_174' title='bbox 381 3088 429 3151; x_wconf 81' lang='lat' dir='ltr'>las</span> <span class='ocrx_word' id='word_1_175' title='bbox 444 3101 492 3152; x_wconf 88' lang='lat' dir='ltr'>est</span> <span class='ocrx_word' id='word_1_176' title='bbox 510 3089 652 3173; x_wconf 85' lang='lat' dir='ltr'>exigere.</span> <span class='ocrx_word' id='word_1_177' title='bbox 689 3088 749 3154; x_wconf 81' lang='lat' dir='ltr'>nis</span> <span class='ocrx_word' id='word_1_178' title='bbox 763 3089 906 3153; x_wconf 82' lang='lat' dir='ltr'>moribus</span> <span class='ocrx_word' id='word_1_179' title='bbox 920 3088 1043 3165; x_wconf 81' lang='lat' dir='ltr'>effecit,</span> <span class='ocrx_word' id='word_1_180' title='bbox 1057 3101 1093 3151; x_wconf 92' lang='lat' dir='ltr'>ut</span> <span class='ocrx_word' id='word_1_181' title='bbox 1105 3088 1226 3153; x_wconf 86' lang='lat' dir='ltr'>civitati</span> <span class='ocrx_word' id='word_1_182' title='bbox 1239 3171 1242 3177; x_wconf 87' lang='lat'>.</span> 
     </span>
     <span class='ocr_line' id='line_1_24' title="bbox 195 3186 1225 3274; baseline 0.005 -25"><span class='ocrx_word' id='word_1_183' title='bbox 195 3208 260 3250; x_wconf 82' lang='lat' dir='ltr'>arras</span> <span class='ocrx_word' id='word_1_184' title='bbox 277 3191 384 3274; x_wconf 32' lang='lat' dir='ltr'>longe,</span> <span class='ocrx_word' id='word_1_185' title='bbox 396 3186 595 3254; x_wconf 88' lang='lat' dir='ltr'>charissimus</span> <span class='ocrx_word' id='word_1_186' title='bbox 615 3203 708 3255; x_wconf 88' lang='lat' dir='ltr'>esset.</span> <span class='ocrx_word' id='word_1_187' title='bbox 746 3190 942 3254; x_wconf 85' lang='lat' dir='ltr'>Decreverat</span> <span class='ocrx_word' id='word_1_188' title='bbox 960 3201 1065 3253; x_wconf 86' lang='lat' dir='ltr'>autem</span> <span class='ocrx_word' id='word_1_189' title='bbox 1083 3193 1141 3254; x_wconf 88' lang='lat' dir='ltr'>hac</span> <span class='ocrx_word' id='word_1_190' title='bbox 1155 3190 1225 3254; x_wconf 81' lang='lat' dir='ltr'>lor·</span> 
     </span>
     <span class='ocr_line' id='line_1_25' title="bbox 194 3290 1223 3376; baseline 0.007 -27"><span class='ocrx_word' id='word_1_191' title='bbox 194 3297 272 3349; x_wconf 87' lang='lat' dir='ltr'>tuna</span> <span class='ocrx_word' id='word_1_192' title='bbox 304 3308 374 3350; x_wconf 86' lang='lat' dir='ltr'>esse</span> <span class='ocrx_word' id='word_1_193' title='bbox 399 3302 586 3367; x_wconf 88' lang='lat' dir='ltr'>contentus,</span> <span class='ocrx_word' id='word_1_194' title='bbox 616 3313 688 3376; x_wconf 72' lang='lat' dir='ltr'>qu·</span> <span class='ocrx_word' id='word_1_195' title='bbox 711 3302 745 3354; x_wconf 92' lang='lat' dir='ltr'>et</span> <span class='ocrx_word' id='word_1_196' title='bbox 771 3291 844 3354; x_wconf 88' lang='lat' dir='ltr'>satis</span> <span class='ocrx_word' id='word_1_197' title='bbox 872 3290 1003 3354; x_wconf 82' lang='lat' dir='ltr'>haberet</span> <span class='ocrx_word' id='word_1_198' title='bbox 1028 3290 1223 3356; x_wconf 81' lang='lat' dir='ltr'>auctoritatis</span> 
     </span>
     <span class='ocr_line' id='line_1_26' title="bbox 194 3390 1223 3475; baseline 0.003 -24"><span class='ocrx_word' id='word_1_199' title='bbox 194 3406 256 3451; x_wconf 85' lang='lat' dir='ltr'>nec</span> <span class='ocrx_word' id='word_1_200' title='bbox 267 3398 371 3451; x_wconf 90' lang='lat' dir='ltr'>tamen</span> <span class='ocrx_word' id='word_1_201' title='bbox 386 3401 470 3453; x_wconf 89' lang='lat' dir='ltr'>esset</span> <span class='ocrx_word' id='word_1_202' title='bbox 489 3391 639 3472; x_wconf 85' lang='lat' dir='ltr'>gravibus</span> <span class='ocrx_word' id='word_1_203' title='bbox 660 3392 802 3457; x_wconf 89' lang='lat' dir='ltr'>obnoxia</span> <span class='ocrx_word' id='word_1_204' title='bbox 813 3390 972 3473; x_wconf 88' lang='lat' dir='ltr'>periculis.</span> <span class='ocrx_word' id='word_1_205' title='bbox 1009 3393 1113 3453; x_wconf 89' lang='lat' dir='ltr'>Semel</span> <span class='ocrx_word' id='word_1_206' title='bbox 1124 3402 1223 3475; x_wconf 86' lang='lat' dir='ltr'>atque</span> 
     </span>
     <span class='ocr_line' id='line_1_27' title="bbox 140 3486 1224 3576; baseline 0.001 -23"><span class='ocrx_word' id='word_1_207' title='bbox 140 3486 144 3493; x_wconf 51' lang='lat'><strong><em>⁴</em></strong></span> <span class='ocrx_word' id='word_1_208' title='bbox 193 3487 482 3559; x_wconf 79' lang='lat' dir='ltr'>iterumcxtrusus</span> <span class='ocrx_word' id='word_1_209' title='bbox 502 3502 551 3555; x_wconf 91' lang='lat' dir='ltr'>est</span> <span class='ocrx_word' id='word_1_210' title='bbox 570 3490 604 3553; x_wconf 90' lang='lat' dir='ltr'>in</span> <span class='ocrx_word' id='word_1_211' title='bbox 623 3492 832 3576; x_wconf 83' lang='lat' dir='ltr'>legationem,</span> <span class='ocrx_word' id='word_1_212' title='bbox 860 3492 893 3553; x_wconf 91' lang='lat' dir='ltr'>in</span> <span class='ocrx_word' id='word_1_213' title='bbox 920 3513 981 3574; x_wconf 85' lang='lat' dir='ltr'>qua</span> <span class='ocrx_word' id='word_1_214' title='bbox 1003 3513 1076 3554; x_wconf 89' lang='lat' dir='ltr'>curn</span> <span class='ocrx_word' id='word_1_215' title='bbox 1094 3514 1130 3555; x_wconf 90' lang='lat' dir='ltr'>se</span> <span class='ocrx_word' id='word_1_216' title='bbox 1150 3512 1224 3555; x_wconf 85' lang='lat' dir='ltr'>cor·</span> 
     </span>
     <span class='ocr_line' id='line_1_28' title="bbox 193 3588 1221 3675; baseline 0.006 -24"><span class='ocrx_word' id='word_1_217' title='bbox 193 3588 352 3652; x_wconf 76' lang='lat' dir='ltr'>(latissime</span> <span class='ocrx_word' id='word_1_218' title='bbox 382 3592 552 3672; x_wconf 84' lang='lat' dir='ltr'>gessisset,</span> <span class='ocrx_word' id='word_1_219' title='bbox 596 3613 664 3654; x_wconf 92' lang='lat' dir='ltr'>non</span> <span class='ocrx_word' id='word_1_220' title='bbox 692 3591 879 3675; x_wconf 85' lang='lat' dir='ltr'>conquievit</span> <span class='ocrx_word' id='word_1_221' title='bbox 907 3592 1125 3657; x_wconf 84' lang='lat' dir='ltr'>serenissimus</span> <span class='ocrx_word' id='word_1_222' title='bbox 1160 3614 1221 3657; x_wconf 85' lang='lat' dir='ltr'>rex</span> 
     </span>
     <span class='ocr_line' id='line_1_29' title="bbox 192 3690 1221 3773; baseline 0.003 -18"><span class='ocrx_word' id='word_1_223' title='bbox 192 3698 372 3767; x_wconf 70' lang='lat' dir='ltr'>Hernicus,</span> <span class='ocrx_word' id='word_1_224' title='bbox 415 3690 485 3773; x_wconf 83' lang='lat' dir='ltr'>ejus</span> <span class='ocrx_word' id='word_1_225' title='bbox 512 3692 649 3755; x_wconf 89' lang='lat' dir='ltr'>nominis</span> <span class='ocrx_word' id='word_1_226' title='bbox 681 3704 832 3768; x_wconf 65' lang='lat' dir='ltr'>ortatus,</span> <span class='ocrx_word' id='word_1_227' title='bbox 864 3694 971 3756; x_wconf 83' lang='lat' dir='ltr'>donec</span> <span class='ocrx_word' id='word_1_228' title='bbox 999 3694 1159 3758; x_wconf 87' lang='lat' dir='ltr'>bominem</span> <span class='ocrx_word' id='word_1_229' title='bbox 1187 3695 1221 3758; x_wconf 90' lang='lat' dir='ltr'>in</span> 
     </span>
     <span class='ocr_line' id='line_1_30' title="bbox 193 3792 1222 3878; baseline 0.008 -26"><span class='ocrx_word' id='word_1_230' title='bbox 193 3792 295 3853; x_wconf 89' lang='lat' dir='ltr'>aulam</span> <span class='ocrx_word' id='word_1_231' title='bbox 318 3810 406 3854; x_wconf 85' lang='lat' dir='ltr'>suam</span> <span class='ocrx_word' id='word_1_232' title='bbox 433 3794 639 3873; x_wconf 77' lang='lat' dir='ltr'>pertraheret·</span> <span class='ocrx_word' id='word_1_233' title='bbox 679 3793 748 3858; x_wconf 86' lang='lat' dir='ltr'>Cur</span> <span class='ocrx_word' id='word_1_234' title='bbox 772 3793 857 3855; x_wconf 87' lang='lat' dir='ltr'>enirn</span> <span class='ocrx_word' id='word_1_235' title='bbox 882 3814 948 3856; x_wconf 88' lang='lat' dir='ltr'>non</span> <span class='ocrx_word' id='word_1_236' title='bbox 979 3794 1082 3859; x_wconf 85' lang='lat' dir='ltr'>dicam</span> <span class='ocrx_word' id='word_1_237' title='bbox 1098 3806 1222 3878; x_wconf 86' lang='lat' dir='ltr'>pertra-</span> 
     </span>
     <span class='ocr_line' id='line_1_31' title="bbox 191 3890 1222 3977; baseline 0.008 -24"><span class='ocrx_word' id='word_1_238' title='bbox 191 3890 306 3954; x_wconf 83' lang='lat' dir='ltr'>heret?</span> <span class='ocrx_word' id='word_1_239' title='bbox 350 3893 462 3955; x_wconf 89' lang='lat' dir='ltr'>Nullus</span> <span class='ocrx_word' id='word_1_240' title='bbox 492 3914 633 3976; x_wconf 83' lang='lat' dir='ltr'>unquam</span> <span class='ocrx_word' id='word_1_241' title='bbox 665 3893 895 3961; x_wconf 81' lang='lat' dir='ltr'>vehementius.</span> <span class='ocrx_word' id='word_1_242' title='bbox 914 3894 1022 3977; x_wconf 79' lang='lat' dir='ltr'>ambiit</span> <span class='ocrx_word' id='word_1_243' title='bbox 1053 3895 1089 3959; x_wconf 88' lang='lat' dir='ltr'>in</span> <span class='ocrx_word' id='word_1_244' title='bbox 1119 3900 1222 3961; x_wconf 71' lang='lat' dir='ltr'>arulam</span> 
     </span>
     <span class='ocr_line' id='line_1_32' title="bbox 148 3992 1223 4078; baseline 0.007 -25"><span class='ocrx_word' id='word_1_245' title='bbox 148 4014 150 4019; x_wconf 57' lang='lat'><strong>⁴</strong></span> <span class='ocrx_word' id='word_1_246' title='bbox 192 3992 330 4069; x_wconf 83' lang='lat' dir='ltr'>admitti,</span> <span class='ocrx_word' id='word_1_247' title='bbox 352 4014 447 4076; x_wconf 87' lang='lat' dir='ltr'>quam</span> <span class='ocrx_word' id='word_1_248' title='bbox 467 3992 518 4056; x_wconf 91' lang='lat' dir='ltr'>hic</span> <span class='ocrx_word' id='word_1_249' title='bbox 537 3995 660 4056; x_wconf 81' lang='lat' dir='ltr'>studuit</span> <span class='ocrx_word' id='word_1_250' title='bbox 681 3995 835 4078; x_wconf 82' lang='lat' dir='ltr'>effugere.</span> <span class='ocrx_word' id='word_1_251' title='bbox 872 3996 1016 4072; x_wconf 87' lang='lat' dir='ltr'>Verum,</span> <span class='ocrx_word' id='word_1_252' title='bbox 1044 4017 1117 4060; x_wconf 86' lang='lat' dir='ltr'>cum</span> <span class='ocrx_word' id='word_1_253' title='bbox 1136 4009 1223 4061; x_wconf 88' lang='lat' dir='ltr'>esset</span> 
     </span>
     <span class='ocr_line' id='line_1_33' title="bbox 166 4092 1219 4179; baseline 0.007 -24"><span class='ocrx_word' id='word_1_254' title='bbox 166 4130 168 4135; x_wconf 94' lang='lat'>·</span> <span class='ocrx_word' id='word_1_255' title='bbox 192 4092 312 4177; x_wconf 88' lang='lat' dir='ltr'>optimo</span> <span class='ocrx_word' id='word_1_256' title='bbox 335 4093 405 4177; x_wconf 88' lang='lat' dir='ltr'>regi</span> <span class='ocrx_word' id='word_1_257' title='bbox 430 4095 464 4155; x_wconf 90' lang='lat' dir='ltr'>in</span> <span class='ocrx_word' id='word_1_258' title='bbox 485 4095 589 4157; x_wconf 89' lang='lat' dir='ltr'>animo</span> <span class='ocrx_word' id='word_1_259' title='bbox 613 4094 763 4161; x_wconf 84' lang='lat' dir='ltr'>familiam</span> <span class='ocrx_word' id='word_1_260' title='bbox 781 4116 870 4159; x_wconf 88' lang='lat' dir='ltr'>suam</span> <span class='ocrx_word' id='word_1_261' title='bbox 888 4096 1037 4175; x_wconf 85' lang='lat' dir='ltr'>eruditis,</span> <span class='ocrx_word' id='word_1_262' title='bbox 1056 4097 1219 4179; x_wconf 81' lang='lat' dir='ltr'>gravibus,</span> 
     </span>
     <span class='ocr_line' id='line_1_34' title="bbox 191 4192 1220 4276; baseline 0.006 -22"><span class='ocrx_word' id='word_1_263' title='bbox 191 4192 328 4256; x_wconf 87' lang='lat' dir='ltr'>cordatis</span> <span class='ocrx_word' id='word_1_264' title='bbox 358 4205 389 4255; x_wconf 89' lang='lat' dir='ltr'>et</span> <span class='ocrx_word' id='word_1_265' title='bbox 415 4194 549 4276; x_wconf 90' lang='lat' dir='ltr'>integris</span> <span class='ocrx_word' id='word_1_266' title='bbox 574 4194 652 4258; x_wconf 80' lang='lat' dir='ltr'>viris</span> <span class='ocrx_word' id='word_1_267' title='bbox 679 4195 837 4273; x_wconf 73' lang='lat' dir='ltr'>differtum</span> <span class='ocrx_word' id='word_1_268' title='bbox 864 4197 1017 4269; x_wconf 81' lang='lat' dir='ltr'>reddere,</span> <span class='ocrx_word' id='word_1_269' title='bbox 1050 4219 1123 4263; x_wconf 85' lang='lat' dir='ltr'>cum</span> <span class='ocrx_word' id='word_1_270' title='bbox 1141 4197 1220 4273; x_wconf 87' lang='lat' dir='ltr'>alios</span> 
     </span>
     <span class='ocr_line' id='line_1_35' title="bbox 189 4295 1219 4383; baseline 0.007 -29"><span class='ocrx_word' id='word_1_271' title='bbox 189 4311 249 4375; x_wconf 88' lang='lat' dir='ltr'>per</span> <span class='ocrx_word' id='word_1_272' title='bbox 268 4295 406 4370; x_wconf 87' lang='lat' dir='ltr'>multos,</span> <span class='ocrx_word' id='word_1_273' title='bbox 433 4306 501 4358; x_wconf 90' lang='lat' dir='ltr'>tum</span> <span class='ocrx_word' id='word_1_274' title='bbox 519 4303 657 4359; x_wconf 83' lang='lat' dir='ltr'>Morum</span> <span class='ocrx_word' id='word_1_275' title='bbox 675 4296 826 4376; x_wconf 86' lang='lat' dir='ltr'>imprimis</span> <span class='ocrx_word' id='word_1_276' title='bbox 845 4297 976 4374; x_wconf 85' lang='lat' dir='ltr'>accivit,</span> <span class='ocrx_word' id='word_1_277' title='bbox 1005 4320 1101 4383; x_wconf 64' lang='lat' dir='ltr'>wem</span> <span class='ocrx_word' id='word_1_278' title='bbox 1121 4298 1166 4365; x_wconf 85' lang='lat' dir='ltr'>aie</span> <span class='ocrx_word' id='word_1_279' title='bbox 1185 4298 1219 4361; x_wconf 87' lang='lat' dir='ltr'>in</span> 
     </span>
     <span class='ocr_line' id='line_1_36' title="bbox 162 4388 1221 4489; baseline 0.011 -34"><span class='ocrx_word' id='word_1_280' title='bbox 162 4388 165 4395; x_wconf 83' lang='lat'>&#39;</span> <span class='ocrx_word' id='word_1_281' title='bbox 188 4392 305 4458; x_wconf 87' lang='lat' dir='ltr'>intimis</span> <span class='ocrx_word' id='word_1_282' title='bbox 323 4393 436 4473; x_wconf 80' lang='lat' dir='ltr'>trahet,</span> <span class='ocrx_word' id='word_1_283' title='bbox 457 4407 580 4461; x_wconf 79' lang='lat' dir='ltr'>utare</span> <span class='ocrx_word' id='word_1_284' title='bbox 599 4416 761 4483; x_wconf 81' lang='lat' dir='ltr'>nunquam</span> <span class='ocrx_word' id='word_1_285' title='bbox 779 4397 921 4481; x_wconf 85' lang='lat' dir='ltr'>patiatur</span> <span class='ocrx_word' id='word_1_286' title='bbox 930 4398 1109 4489; x_wconf 72' lang='lat' dir='ltr'>diacpdere,</span> <span class='ocrx_word' id='word_1_287' title='bbox 1144 4398 1221 4467; x_wconf 81' lang='lat' dir='ltr'>Siva</span> 
     </span>
    </p>
   </div>
   <div class='ocr_carea' id='block_1_3' title="bbox 0 0 1320 5086">
    <p class='ocr_par' dir='ltr' id='par_1_3' title="bbox 0 0 1320 5086">
     <span class='ocr_line' id='line_1_37' title="bbox 0 0 1320 5086; baseline 0 5"><span class='ocrx_word' id='word_1_288' title='bbox 0 0 1320 5086; x_wconf 95' lang='lat' dir='ltr'> </span> 
     </span>
    </p>
   </div>
  </div>
 </body>
</html>
