2632 5086
534 766 547 793 ..
569 676 741 820 Epistola.
903 767 907 782 .
1121 727 1165 802 n

155 919 315 979 temnenda
328 919 395 991 sit,
416 937 509 1000 quam
527 915 725 998 indignanter
744 917 927 1000 exagitanda
946 938 981 978 ac
997 917 1165 998 punienda,

156 1018 190 1081 in
218 1019 402 1080 immensum
429 1018 502 1098 quia
528 1018 682 1080 excrescit
710 1019 837 1097 perditae
867 1017 1011 1078 factionis
1035 1015 1166 1079 licentia.

156 1121 262 1197 Nuper
278 1118 387 1180 visum
406 1129 474 1191 est,
502 1118 541 1178 ad
559 1117 634 1179 nibil
654 1118 844 1191 connivere,
864 1118 938 1177 nihil
958 1117 1165 1190 dissimulare,

158 1239 254 1301 neque
277 1217 405 1300 aliquid
431 1220 463 1277 in
488 1237 606 1291 cause,
637 1239 729 1299 quam
755 1228 840 1278 tanto
861 1219 956 1279 semel
976 1239 1072 1298 opere
1091 1239 1164 1298 pro·

155 1319 358 1399 pugnandum
408 1317 616 1395 suscepimus,
668 1318 861 1395 patrocinio,
912 1317 1165 1396 praevaricatione

152 1418 374 1480 transmittere.
412 1417 489 1495 lpse
504 1416 632 1498 quidem
648 1418 678 1489 a)
705 1417 731 1476 si
758 1438 822 1478 non
849 1419 1043 1480 considerate
1063 1419 1163 1492 aden,

151 1529 178 1577 at
204 1530 341 1579 strenue
374 1536 441 1577 eam
470 1516 591 1577 navabo
623 1537 759 1596 operam.
809 1516 986 1592 Videmus,
1013 1529 1163 1600 quantum

148 1618 282 1690 reserat,
321 1619 378 1679 has
410 1617 591 1695 exstirpatas
621 1636 689 1677 esse
724 1615 876 1689 zizanias,
916 1619 994 1677 lianc
1026 1621 1164 1680 evulsam

146 1718 311 1796 loliginem
333 1737 372 1777 ac
390 1716 589 1788 eradicatam,
621 1726 656 1775 ut
675 1737 708 1775 se
728 1714 874 1807 lelix'illa
894 1713 1018 1798 jamque
1036 1719 1165 1797 suppul-

145 1820 245 1879 lulans
266 1815 515 1877 rectissimorum
527 1814 702 1876 studiorum
722 1816 825 1894 planta
843 1815 994 1895 proferat,
1018 1835 1052 1874 ac
1071 1836 1165 1896 qnam

144 1919 204 1979 late
224 1925 405 1996 propaget;
424 1926 472 1989 ut,
493 1916 636 1996 inquam,
664 1913 773 1993 ejectis
793 1935 828 1974 ac
847 1915 1073 1989 exterminatis,
1107 1913 1162 1998 qui

119 2037 177 2090 ,se
217 2013 383 2077 oborienti
418 2012 481 2093 jam
511 2015 601 2075 bonae
634 2015 818 2076 eruditionis
852 2015 911 2076 soli
942 2015 1164 2096 intempestivae

142 2117 249 2178 nubes
280 2124 467 2191 opponunt,
509 2113 565 2195 qui
600 2113 754 2194 fulgidum
783 2113 858 2175 illud
890 2114 956 2176 veri
988 2116 1162 2194 splendoris

142 2219 272 2287 lumen,
293 2213 417 2292 inipso
437 2233 495 2274 suo
515 2225 629 2273 exortu
646 2213 833 2287 obscurare,
855 2214 946 2275 inuno
961 2215 1163 2294 exstinguere

141 2335 181 2374 ac
200 2315 391 2392 proculcare
410 2323 579 2385 conantur,
606 2311 696 2372 bonae
716 2324 796 2374 artes
816 2313 1019 2388 reviviscant,
1047 2315 1162 2378 utrius·

145 2435 215 2495 que
243 2413 359 2492 linguae
390 2412 611 2473 commercium
642 2412 733 2474 nobis
771 2433 841 2472 cum
869 2412 984 2474 Graecis
1015 2433 1050 2474 ac
1079 2412 1161 2476 ltalis

147 2512 338 2573 conveniat:
377 2511 544 2573 Germania
580 2513 694 2572 cultum
728 2513 852 2586 induat,
893 2511 1050 2575 harbaries
1083 2515 1163 2577 ultre

143 2613 352 2674 Garamantes
369 2612 416 2686 Μ)
444 2622 474 2672 et
499 2610 650 2673 Balticum
671 2633 772 2692 usque
792 2598 942 2674 oceanum
962 2612 1161 2686 exsibilatur,
1236 2599 1239 2606 ¹

143 2732 184 2773 ac
203 2711 417 2790 protrudatur.
463 2712 533 2774 Jam
551 2710 637 2771 binas
666 2710 697 2770 in
726 2731 775 2772 me
794 2713 920 2793 sagittas
940 2724 1162 2775 contorserunt

147 2810 341 2885 nebulones,
375 2810 434 2872 sub
465 2810 670 2889 Pepericorui
697 2811 797 2873 Judaei
827 2813 972 2885 nomine;
1009 2835 1076 2894 quac
1110 2834 1165 2875 me

146 2931 329 2993 quanquam
353 2911 439 2970 nulle
469 2930 540 2970 meo
566 2911 677 2971 dolore
705 2910 880 2987 tetigerint,
912 2922 965 2970 aut
991 2912 1095 2991 potius
1120 2932 1160 2972 ue

143 3010 311 3090 tetigerint
338 3008 482 3090 quidem,
520 3020 551 3070 et
580 3009 680 3069 adhuc
707 3031 774 3070 rem
802 3009 1072 3084 dissimulaverim,
1109 3010 1161 3072 ali.-

141 3111 279 3190 qrrande
300 3120 400 3171 tamen
421 3107 573 3170 videbunt
591 3108 649 3183 illi,
670 3128 763 3189 quem
785 3108 941 3187 petierint.
981 3108 1043 3190 Qui
1063 3132 1160 3192 quum

138 3213 297 3274 hactenns
316 3208 419 3270 omnia
439 3208 497 3269 sibi
516 3209 609 3269 licere
629 3207 825 3288 putaverint,
853 3209 941 3288 pensi
960 3231 1024 3271 non
1043 3210 1162 3273 habucd

139 3320 243 3382 runt,
271 3309 420 3371 adversus
435 3329 528 3391 quem
547 3307 627 3389 quid
640 3307 872 3389 aggrediantur.
909 3311 1015 3390 Quare
1038 3309 1160 3388 experti
1207 3336 1215 3351 ·

139 3408 291 3474 nondum
314 3420 387 3471 sunt
414 3407 569 3469 temerarii
600 3408 781 3481 insultores,
814 3420 950 3490 quantus
973 3408 1107 3491 quisque
1126 3407 1160 3469 in

139 3513 292 3588 elypeum
316 3508 472 3589 adsurgat.
486 3507 553 3580 ςΜ’)
601 3506 662 3568 Ubi
691 3507 863 3568 audiendos
888 3529 953 3568 non
977 3519 1070 3588 puto,
1104 3507 1160 3590 qui

140 3609 294 3681 suadent,
325 3617 361 3667 ut
387 3625 428 3667 ne
452 3605 600 3667 invidiam
623 3605 716 3667 nobis
743 3606 961 3668 conciliemus:
993 3618 1024 3669 et
1041 3608 1080 3668 ab
1099 3609 1161 3670 hoc

141 3720 229 3772 metu
260 3717 379 3768 tantum
406 3706 531 3779 absum,
563 3717 598 3766 ut
631 3727 696 3767 non
730 3706 878 3768 invidiam
904 3708 1008 3769 modo·
1027 3707 1159 3769 istorum

139 3828 210 3870 non
222 3805 360 3888 legiam,
379 3806 435 3868 aed
447 3808 529 3867 ultro
543 3805 650 3866 odium
663 3806 754 3866 etiam
774 3826 936 3868 arcessam.
974 3807 1022 3867 Ac
1035 3806 1161 3867 oderint

139 3906 206 3981 illi,
238 3924 301 3988 ego
322 3925 449 3985 operam
469 3905 551 3966 dabo
573 3904 713 3978 interim,
747 3916 780 3966 ut
798 3905 889 3967 sirnul
909 3906 1075 3986 aliquando
1094 3926 1159 3970 me·

140 4016 242 4067 tuant.
291 4004 344 4066 Sic
371 4004 497 4067 decrevi
523 4003 622 4078 enirn,
656 4004 715 4066 nisi
742 4004 872 4067 anobis
892 4004 1070 4066 contineant
1088 4005 1157 4080 isti,

136 4150 307 4170 -—·-—

172 4232 208 4300 ’)
224 4239 285 4285 nach
315 4239 381 4296 lpse:
411 4243 504 4304 quidm
533 4242 662 4298 beigentgt
710 4233 757 4301 **)
778 4245 959 4298 Garamantes,
995 4243 1159 4302 hyperboreos

172 4326 275 4369 nentes.
321 4314 385 4382 m)
403 4325 463 4369 statt
477 4333 583 4381 quantus
595 4348 627 4358 -
639 4333 773 4383 assumat:
792 4325 950 4373 nnleserliehe
968 4327 1155 4395 vntsueranr
