<?xml version="1.0" encoding="UTF-8"?>
<!DOCTYPE html PUBLIC "-//W3C//DTD XHTML 1.0 Transitional//EN"
    "http://www.w3.org/TR/xhtml1/DTD/xhtml1-transitional.dtd">
<html xmlns="http://www.w3.org/1999/xhtml" xml:lang="en" lang="en">
 <head>
  <title>
</title>
<meta http-equiv="Content-Type" content="text/html;charset=utf-8" />
  <meta name='ocr-system' content='tesseract 3.04.00' />
  <meta name='ocr-capabilities' content='ocr_page ocr_carea ocr_par ocr_line ocrx_word'/>
</head>
<body>
  <div class='ocr_page' id='page_1' title='image "./ulrichiabhutten02mngoog_0237.png"; bbox 0 0 2632 5086; ppageno 0'>
   <div class='ocr_carea' id='block_1_1' title="bbox 551 488 577 545">
    <p class='ocr_par' dir='ltr' id='par_1_1' title="bbox 551 488 577 545">
     <span class='ocr_line' id='line_1_1' title="bbox 551 488 577 545; baseline 0 0"><span class='ocrx_word' id='word_1_1' title='bbox 551 488 577 545; x_wconf 67' lang='lat' dir='ltr'><strong>&#39;O</strong></span> 
     </span>
    </p>
   </div>
   <div class='ocr_carea' id='block_1_2' title="bbox 1059 764 1298 917">
    <p class='ocr_par' dir='ltr' id='par_1_2' title="bbox 1059 764 1298 917">
     <span class='ocr_line' id='line_1_2' title="bbox 1059 764 1298 917; baseline -0.013 -11"><span class='ocrx_word' id='word_1_2' title='bbox 1059 832 1135 917; x_wconf 73' lang='grc' dir='ltr'><strong>ιιι</strong></span> <span class='ocrx_word' id='word_1_3' title='bbox 1184 814 1229 903; x_wconf 59' lang='lat' dir='ltr'><strong>..fn</strong></span> <span class='ocrx_word' id='word_1_4' title='bbox 1275 764 1298 817; x_wconf 61' lang='lat'>⁸</span> 
     </span>
    </p>
   </div>
   <div class='ocr_carea' id='block_1_3' title="bbox 142 1309 1085 1528">
    <p class='ocr_par' dir='ltr' id='par_1_3' title="bbox 142 1309 1085 1528">
     <span class='ocr_line' id='line_1_3' title="bbox 142 1309 1085 1429; baseline 0.001 -43"><span class='ocrx_word' id='word_1_5' title='bbox 142 1310 311 1387; x_wconf 82' lang='lat' dir='ltr'><strong>Ulrichus</strong></span> <span class='ocrx_word' id='word_1_6' title='bbox 336 1312 383 1385; x_wconf 90' lang='lat' dir='ltr'><strong>de</strong></span> <span class='ocrx_word' id='word_1_7' title='bbox 408 1312 549 1386; x_wconf 85' lang='lat' dir='ltr'><strong>Hutten</strong></span> <span class='ocrx_word' id='word_1_8' title='bbox 574 1310 644 1406; x_wconf 89' lang='lat' dir='ltr'><strong>Eq.</strong></span> <span class='ocrx_word' id='word_1_9' title='bbox 670 1311 795 1385; x_wconf 85' lang='lat' dir='ltr'>Germ.</span> <span class='ocrx_word' id='word_1_10' title='bbox 821 1309 933 1387; x_wconf 89' lang='lat' dir='ltr'><strong>Paulo</strong></span> <span class='ocrx_word' id='word_1_11' title='bbox 958 1337 1085 1429; x_wconf 52' lang='lat' dir='ltr'><strong>fficio,</strong></span> 
     </span>
     <span class='ocr_line' id='line_1_4' title="bbox 312 1432 928 1528; baseline -0.005 -17"><span class='ocrx_word' id='word_1_12' title='bbox 312 1436 452 1511; x_wconf 79' lang='lat' dir='ltr'><strong>Caesari</strong></span> <span class='ocrx_word' id='word_1_13' title='bbox 476 1458 498 1509; x_wconf 84' lang='lat' dir='ltr'><strong>e</strong></span> <span class='ocrx_word' id='word_1_14' title='bbox 522 1432 733 1528; x_wconf 83' lang='lat' dir='ltr'>Medicina,</span> <span class='ocrx_word' id='word_1_15' title='bbox 760 1434 928 1510; x_wconf 86' lang='lat' dir='ltr'><strong>Salutem.</strong></span> 
     </span>
    </p>
   </div>
   <div class='ocr_carea' id='block_1_4' title="bbox 109 1767 1255 4437">
    <p class='ocr_par' dir='ltr' id='par_1_4' title="bbox 109 1767 1249 4407">
     <span class='ocr_line' id='line_1_5' title="bbox 111 1767 1137 1893; baseline 0.007 -27"><span class='ocrx_word' id='word_1_16' title='bbox 111 1767 290 1890; x_wconf 73' lang='lat' dir='ltr'><strong>Epistolam</strong></span> <span class='ocrx_word' id='word_1_17' title='bbox 320 1819 407 1873; x_wconf 87' lang='lat' dir='ltr'><strong>tuam</strong></span> <span class='ocrx_word' id='word_1_18' title='bbox 437 1807 521 1892; x_wconf 79' lang='lat' dir='ltr'><strong>tegi,</strong></span> <span class='ocrx_word' id='word_1_19' title='bbox 557 1803 738 1883; x_wconf 68' lang='lat' dir='ltr'><strong>doctissime</strong></span> <span class='ocrx_word' id='word_1_20' title='bbox 762 1804 863 1870; x_wconf 83' lang='lat' dir='ltr'><strong>Rici:</strong></span> <span class='ocrx_word' id='word_1_21' title='bbox 897 1805 932 1871; x_wconf 88' lang='lat' dir='ltr'><strong>in</strong></span> <span class='ocrx_word' id='word_1_22' title='bbox 960 1827 1025 1893; x_wconf 71' lang='lat' dir='ltr'><strong>qua</strong></span> <span class='ocrx_word' id='word_1_23' title='bbox 1048 1815 1137 1873; x_wconf 73' lang='lat' dir='ltr'><strong>recte</strong></span> 
     </span>
     <span class='ocr_line' id='line_1_6' title="bbox 109 1904 1178 2035; baseline 0 -62"><span class='ocrx_word' id='word_1_24' title='bbox 109 1931 239 1987; x_wconf 85' lang='lat' dir='ltr'><strong>mones,</strong></span> <span class='ocrx_word' id='word_1_25' title='bbox 266 1912 306 1973; x_wconf 89' lang='lat' dir='ltr'><strong>de</strong></span> <span class='ocrx_word' id='word_1_26' title='bbox 327 1908 472 1990; x_wconf 81' lang='lat' dir='ltr'><strong>Guajaco</strong></span> <span class='ocrx_word' id='word_1_27' title='bbox 491 1904 688 2001; x_wconf 82' lang='lat' dir='ltr'><strong>illustrando.</strong></span> <span class='ocrx_word' id='word_1_28' title='bbox 732 1906 771 1970; x_wconf 86' lang='lat' dir='ltr'><strong>lo</strong></span> <span class='ocrx_word' id='word_1_29' title='bbox 791 1927 857 1991; x_wconf 82' lang='lat' dir='ltr'><strong>quo</strong></span> <span class='ocrx_word' id='word_1_30' title='bbox 875 1906 1022 1973; x_wconf 82' lang='lat' dir='ltr'><strong>dubitare</strong></span> <span class='ocrx_word' id='word_1_31' title='bbox 1040 1924 1178 2035; x_wconf 43' lang='grc' dir='ltr'><strong>ωυρμ</strong></span> 
     </span>
     <span class='ocr_line' id='line_1_7' title="bbox 110 2004 1140 2095; baseline 0 -22"><span class='ocrx_word' id='word_1_32' title='bbox 110 2011 232 2090; x_wconf 86' lang='lat' dir='ltr'><strong>debet,</strong></span> <span class='ocrx_word' id='word_1_33' title='bbox 269 2009 347 2094; x_wconf 84' lang='lat' dir='ltr'><strong>quin</strong></span> <span class='ocrx_word' id='word_1_34' title='bbox 374 2010 437 2075; x_wconf 84' lang='lat' dir='ltr'><strong>boc</strong></span> <span class='ocrx_word' id='word_1_35' title='bbox 463 2021 622 2073; x_wconf 86' lang='lat' dir='ltr'><strong>mereatur</strong></span> <span class='ocrx_word' id='word_1_36' title='bbox 648 2024 701 2069; x_wconf 86' lang='lat' dir='ltr'><strong>res</strong></span> <span class='ocrx_word' id='word_1_37' title='bbox 731 2004 809 2087; x_wconf 84' lang='lat' dir='ltr'><strong>ipsa.</strong></span> <span class='ocrx_word' id='word_1_38' title='bbox 854 2005 979 2075; x_wconf 84' lang='lat' dir='ltr'><strong>Verum</strong></span> <span class='ocrx_word' id='word_1_39' title='bbox 1004 2018 1079 2095; x_wconf 62' lang='lat' dir='ltr'><strong>qo·</strong></span> <span class='ocrx_word' id='word_1_40' title='bbox 1097 2026 1140 2073; x_wconf 81' lang='grc' dir='ltr'><strong>ιιι</strong></span> 
     </span>
     <span class='ocr_line' id='line_1_8' title="bbox 111 2106 1140 2192; baseline 0.001 -20"><span class='ocrx_word' id='word_1_41' title='bbox 111 2130 258 2190; x_wconf 87' lang='lat' dir='ltr'><strong>possum,</strong></span> <span class='ocrx_word' id='word_1_42' title='bbox 286 2112 349 2173; x_wconf 89' lang='lat' dir='ltr'><strong>hoc</strong></span> <span class='ocrx_word' id='word_1_43' title='bbox 367 2110 401 2173; x_wconf 91' lang='lat' dir='ltr'><strong>in</strong></span> <span class='ocrx_word' id='word_1_44' title='bbox 425 2108 579 2192; x_wconf 83' lang='lat' dir='ltr'><strong>ambiguo</strong></span> <span class='ocrx_word' id='word_1_45' title='bbox 598 2119 658 2173; x_wconf 87' lang='lat' dir='ltr'><strong>est.</strong></span> <span class='ocrx_word' id='word_1_46' title='bbox 698 2106 999 2191; x_wconf 83' lang='lat' dir='ltr'><strong>Experiortamen,</strong></span> <span class='ocrx_word' id='word_1_47' title='bbox 1029 2118 1064 2173; x_wconf 85' lang='lat' dir='ltr'><strong>et</strong></span> <span class='ocrx_word' id='word_1_48' title='bbox 1080 2118 1140 2173; x_wconf 86' lang='lat' dir='ltr'><strong>tuo</strong></span> 
     </span>
     <span class='ocr_line' id='line_1_9' title="bbox 112 2204 1231 2297; baseline 0.002 -25"><span class='ocrx_word' id='word_1_49' title='bbox 112 2210 225 2291; x_wconf 84' lang='lat' dir='ltr'><strong>jussu,</strong></span> <span class='ocrx_word' id='word_1_50' title='bbox 254 2221 286 2273; x_wconf 90' lang='lat' dir='ltr'><strong>et</strong></span> <span class='ocrx_word' id='word_1_51' title='bbox 310 2230 380 2274; x_wconf 84' lang='lat' dir='ltr'><strong>mea</strong></span> <span class='ocrx_word' id='word_1_52' title='bbox 405 2210 637 2297; x_wconf 67' lang='lat' dir='ltr'><strong>gratulatione,</strong></span> <span class='ocrx_word' id='word_1_53' title='bbox 669 2218 813 2274; x_wconf 80' lang='lat' dir='ltr'><strong>servatus</strong></span> <span class='ocrx_word' id='word_1_54' title='bbox 839 2204 876 2271; x_wconf 84' lang='lat' dir='ltr'><strong>ac</strong></span> <span class='ocrx_word' id='word_1_55' title='bbox 898 2208 973 2273; x_wconf 90' lang='lat' dir='ltr'><strong>mihi</strong></span> <span class='ocrx_word' id='word_1_56' title='bbox 997 2209 1140 2274; x_wconf 78' lang='lat' dir='ltr'><strong>redditus</strong></span> <span class='ocrx_word' id='word_1_57' title='bbox 1226 2270 1231 2280; x_wconf 87' lang='grc'>,</span> 
     </span>
     <span class='ocr_line' id='line_1_10' title="bbox 114 2309 1142 2394; baseline 0.002 -21"><span class='ocrx_word' id='word_1_58' title='bbox 114 2309 245 2392; x_wconf 81' lang='lat' dir='ltr'><strong>Guajaci</strong></span> <span class='ocrx_word' id='word_1_59' title='bbox 271 2331 345 2393; x_wconf 88' lang='lat' dir='ltr'><strong>ope.</strong></span> <span class='ocrx_word' id='word_1_60' title='bbox 393 2310 492 2394; x_wconf 85' lang='lat' dir='ltr'><strong>Quod</strong></span> <span class='ocrx_word' id='word_1_61' title='bbox 520 2310 659 2374; x_wconf 74' lang='lat' dir='ltr'><strong>aduenis</strong></span> <span class='ocrx_word' id='word_1_62' title='bbox 687 2322 770 2375; x_wconf 75' lang='lat' dir='ltr'><strong>vero</strong></span> <span class='ocrx_word' id='word_1_63' title='bbox 798 2310 839 2375; x_wconf 86' lang='lat' dir='ltr'><strong>de</strong></span> <span class='ocrx_word' id='word_1_64' title='bbox 866 2309 1027 2374; x_wconf 81' lang='lat' dir='ltr'><strong>Cardinali</strong></span> <span class='ocrx_word' id='word_1_65' title='bbox 1055 2310 1142 2375; x_wconf 74' lang='lat' dir='ltr'><strong>Gur·</strong></span> 
     </span>
     <span class='ocr_line' id='line_1_11' title="bbox 110 2410 1142 2492; baseline 0.002 -19"><span class='ocrx_word' id='word_1_66' title='bbox 110 2411 217 2488; x_wconf 88' lang='lat' dir='ltr'><strong>censi,</strong></span> <span class='ocrx_word' id='word_1_67' title='bbox 249 2410 320 2477; x_wconf 84' lang='lat' dir='ltr'><strong>fieri</strong></span> <span class='ocrx_word' id='word_1_68' title='bbox 344 2431 412 2474; x_wconf 88' lang='lat' dir='ltr'><strong>non</strong></span> <span class='ocrx_word' id='word_1_69' title='bbox 437 2421 564 2492; x_wconf 77' lang='lat' dir='ltr'><strong>potest,</strong></span> <span class='ocrx_word' id='word_1_70' title='bbox 594 2422 631 2475; x_wconf 87' lang='lat' dir='ltr'><strong>ut</strong></span> <span class='ocrx_word' id='word_1_71' title='bbox 655 2410 698 2474; x_wconf 84' lang='lat' dir='ltr'><strong>itti</strong></span> <span class='ocrx_word' id='word_1_72' title='bbox 723 2411 870 2475; x_wconf 77' lang='lat' dir='ltr'><strong>dedicent</strong></span> <span class='ocrx_word' id='word_1_73' title='bbox 895 2411 1021 2475; x_wconf 79' lang='lat' dir='ltr'><strong>labores</strong></span> <span class='ocrx_word' id='word_1_74' title='bbox 1041 2429 1142 2475; x_wconf 80' lang='lat' dir='ltr'><strong>meos.</strong></span> 
     </span>
     <span class='ocr_line' id='line_1_12' title="bbox 113 2510 1141 2597; baseline 0.003 -24"><span class='ocrx_word' id='word_1_75' title='bbox 113 2514 187 2574; x_wconf 82' lang='lat' dir='ltr'><strong>Non</strong></span> <span class='ocrx_word' id='word_1_76' title='bbox 207 2511 283 2595; x_wconf 81' lang='lat' dir='ltr'><strong>quie</strong></span> <span class='ocrx_word' id='word_1_77' title='bbox 301 2510 400 2574; x_wconf 88' lang='lat' dir='ltr'><strong>nolim</strong></span> <span class='ocrx_word' id='word_1_78' title='bbox 418 2513 471 2574; x_wconf 80' lang='lat' dir='ltr'><strong>vel</strong></span> <span class='ocrx_word' id='word_1_79' title='bbox 490 2511 685 2576; x_wconf 82' lang='lat' dir='ltr'><strong>cucurbitam</strong></span> <span class='ocrx_word' id='word_1_80' title='bbox 703 2513 852 2589; x_wconf 85' lang='lat' dir='ltr'><strong>laudare,</strong></span> <span class='ocrx_word' id='word_1_81' title='bbox 875 2510 906 2574; x_wconf 84' lang='lat' dir='ltr'><strong>si</strong></span> <span class='ocrx_word' id='word_1_82' title='bbox 925 2522 961 2575; x_wconf 90' lang='lat' dir='ltr'><strong>tu</strong></span> <span class='ocrx_word' id='word_1_83' title='bbox 978 2512 1141 2597; x_wconf 64' lang='lat' dir='ltr'><strong>posteriue</strong></span> 
     </span>
     <span class='ocr_line' id='line_1_13' title="bbox 112 2610 1144 2699; baseline 0.005 -25"><span class='ocrx_word' id='word_1_84' title='bbox 112 2623 166 2675; x_wconf 83' lang='lat' dir='ltr'><strong>aut</strong></span> <span class='ocrx_word' id='word_1_85' title='bbox 192 2610 243 2675; x_wconf 85' lang='lat' dir='ltr'><strong>iiie</strong></span> <span class='ocrx_word' id='word_1_86' title='bbox 270 2632 338 2674; x_wconf 89' lang='lat' dir='ltr'><strong>non</strong></span> <span class='ocrx_word' id='word_1_87' title='bbox 359 2621 537 2686; x_wconf 86' lang='lat' dir='ltr'><strong>mereatur,</strong></span> <span class='ocrx_word' id='word_1_88' title='bbox 569 2612 642 2676; x_wconf 89' lang='lat' dir='ltr'><strong>sed</strong></span> <span class='ocrx_word' id='word_1_89' title='bbox 653 2613 729 2697; x_wconf 86' lang='lat' dir='ltr'><strong>quia</strong></span> <span class='ocrx_word' id='word_1_90' title='bbox 746 2613 905 2699; x_wconf 86' lang='lat' dir='ltr'><strong>ingratum</strong></span> <span class='ocrx_word' id='word_1_91' title='bbox 929 2612 975 2678; x_wconf 89' lang='lat' dir='ltr'><strong>itti</strong></span> <span class='ocrx_word' id='word_1_92' title='bbox 997 2612 1144 2679; x_wconf 68' lang='lat' dir='ltr'><strong>suanum</strong></span> 
     </span>
     <span class='ocr_line' id='line_1_14' title="bbox 112 2709 1144 2799; baseline 0 -22"><span class='ocrx_word' id='word_1_93' title='bbox 112 2712 202 2790; x_wconf 78' lang='lat' dir='ltr'><strong>scio,</strong></span> <span class='ocrx_word' id='word_1_94' title='bbox 237 2732 332 2776; x_wconf 88' lang='lat' dir='ltr'><strong>ame</strong></span> <span class='ocrx_word' id='word_1_95' title='bbox 361 2709 516 2796; x_wconf 87' lang='lat' dir='ltr'><strong>quicquid</strong></span> <span class='ocrx_word' id='word_1_96' title='bbox 540 2713 706 2794; x_wconf 82' lang='lat' dir='ltr'><strong>acceperit.</strong></span> <span class='ocrx_word' id='word_1_97' title='bbox 745 2715 864 2778; x_wconf 89' lang='lat' dir='ltr'><strong>Nescio</strong></span> <span class='ocrx_word' id='word_1_98' title='bbox 894 2736 958 2799; x_wconf 86' lang='lat' dir='ltr'><strong>qua</strong></span> <span class='ocrx_word' id='word_1_99' title='bbox 981 2724 1036 2779; x_wconf 85' lang='lat' dir='ltr'><strong>aut</strong></span> <span class='ocrx_word' id='word_1_100' title='bbox 1060 2710 1144 2777; x_wconf 77' lang='lat' dir='ltr'><strong>itlius</strong></span> 
     </span>
     <span class='ocr_line' id='line_1_15' title="bbox 115 2811 1143 2895; baseline 0.004 -20"><span class='ocrx_word' id='word_1_101' title='bbox 115 2812 294 2895; x_wconf 87' lang='lat' dir='ltr'><strong>opinione,</strong></span> <span class='ocrx_word' id='word_1_102' title='bbox 316 2820 379 2873; x_wconf 76' lang='lat' dir='ltr'><strong>aut</strong></span> <span class='ocrx_word' id='word_1_103' title='bbox 406 2831 476 2875; x_wconf 84' lang='lat' dir='ltr'><strong>mea</strong></span> <span class='ocrx_word' id='word_1_104' title='bbox 500 2811 641 2877; x_wconf 80' lang='lat' dir='ltr'><strong>fortuna.</strong></span> <span class='ocrx_word' id='word_1_105' title='bbox 687 2814 782 2892; x_wconf 86' lang='lat' dir='ltr'><strong>Scio,</strong></span> <span class='ocrx_word' id='word_1_106' title='bbox 817 2836 883 2879; x_wconf 89' lang='lat' dir='ltr'><strong>non</strong></span> <span class='ocrx_word' id='word_1_107' title='bbox 907 2814 1000 2879; x_wconf 81' lang='lat' dir='ltr'><strong>facile</strong></span> <span class='ocrx_word' id='word_1_108' title='bbox 1027 2812 1143 2893; x_wconf 81' lang='lat' dir='ltr'><strong>credis,</strong></span> 
     </span>
     <span class='ocr_line' id='line_1_16' title="bbox 117 2911 1144 3001; baseline 0.008 -26"><span class='ocrx_word' id='word_1_109' title='bbox 117 2913 208 2997; x_wconf 88' lang='lat' dir='ltr'><strong>quod</strong></span> <span class='ocrx_word' id='word_1_110' title='bbox 237 2911 400 2987; x_wconf 66' lang='lat' dir='ltr'><strong>scribam</strong></span> <span class='ocrx_word' id='word_1_111' title='bbox 437 2914 521 2977; x_wconf 87' lang='lat' dir='ltr'><strong>soles</strong></span> <span class='ocrx_word' id='word_1_112' title='bbox 548 2924 584 2975; x_wconf 83' lang='lat' dir='ltr'><strong>tu</strong></span> <span class='ocrx_word' id='word_1_113' title='bbox 616 2913 701 2978; x_wconf 88' lang='lat' dir='ltr'><strong>enim</strong></span> <span class='ocrx_word' id='word_1_114' title='bbox 733 2915 869 2993; x_wconf 86' lang='lat' dir='ltr'><strong>dicere,</strong></span> <span class='ocrx_word' id='word_1_115' title='bbox 904 2917 1008 2983; x_wconf 81' lang='lat' dir='ltr'><strong>literas</strong></span> <span class='ocrx_word' id='word_1_116' title='bbox 1039 2934 1144 3001; x_wconf 63' lang='lat' dir='ltr'><strong>atum</strong></span> 
     </span>
     <span class='ocr_line' id='line_1_17' title="bbox 115 3010 1145 3096; baseline 0.005 -19"><span class='ocrx_word' id='word_1_117' title='bbox 115 3015 227 3085; x_wconf 84' lang='lat' dir='ltr'><strong>iilum,</strong></span> <span class='ocrx_word' id='word_1_118' title='bbox 255 3024 287 3076; x_wconf 91' lang='lat' dir='ltr'><strong>et</strong></span> <span class='ocrx_word' id='word_1_119' title='bbox 312 3010 440 3096; x_wconf 84' lang='lat' dir='ltr'><strong>ingenia</strong></span> <span class='ocrx_word' id='word_1_120' title='bbox 466 3015 653 3094; x_wconf 80' lang='lat' dir='ltr'><strong>complecti:</strong></span> <span class='ocrx_word' id='word_1_121' title='bbox 686 3016 822 3084; x_wconf 85' lang='lat' dir='ltr'><strong>scribam</strong></span> <span class='ocrx_word' id='word_1_122' title='bbox 840 3029 964 3093; x_wconf 85' lang='lat' dir='ltr'><strong>tamen,</strong></span> <span class='ocrx_word' id='word_1_123' title='bbox 998 3029 1051 3095; x_wconf 87' lang='lat' dir='ltr'><strong>et,</strong></span> <span class='ocrx_word' id='word_1_124' title='bbox 1081 3014 1145 3083; x_wconf 81' lang='lat' dir='ltr'><strong>uisi</strong></span> 
     </span>
     <span class='ocr_line' id='line_1_18' title="bbox 116 3114 1248 3199; baseline 0 -20"><span class='ocrx_word' id='word_1_125' title='bbox 116 3116 223 3180; x_wconf 89' lang='lat' dir='ltr'><strong>omnia</strong></span> <span class='ocrx_word' id='word_1_126' title='bbox 250 3114 376 3191; x_wconf 81' lang='lat' dir='ltr'><strong>fallant,</strong></span> <span class='ocrx_word' id='word_1_127' title='bbox 403 3115 605 3199; x_wconf 81' lang='lat' dir='ltr'><strong>persuadebo</strong></span> <span class='ocrx_word' id='word_1_128' title='bbox 634 3116 738 3180; x_wconf 86' lang='lat' dir='ltr'><strong>etiam.</strong></span> <span class='ocrx_word' id='word_1_129' title='bbox 783 3117 880 3180; x_wconf 84' lang='lat' dir='ltr'><strong>Anno</strong></span> <span class='ocrx_word' id='word_1_130' title='bbox 906 3115 1018 3188; x_wconf 72' lang='lat' dir='ltr'><strong>abhinc</strong></span> <span class='ocrx_word' id='word_1_131' title='bbox 1037 3114 1144 3194; x_wconf 53' lang='lat' dir='ltr'><strong>sextoj</strong></span> <span class='ocrx_word' id='word_1_132' title='bbox 1245 3114 1248 3119; x_wconf 78' lang='grc'><strong>’</strong></span> 
     </span>
     <span class='ocr_line' id='line_1_19' title="bbox 116 3214 1147 3302; baseline 0.001 -23"><span class='ocrx_word' id='word_1_133' title='bbox 116 3237 216 3301; x_wconf 90' lang='lat' dir='ltr'><strong>quum</strong></span> <span class='ocrx_word' id='word_1_134' title='bbox 242 3214 397 3279; x_wconf 70' lang='lat' dir='ltr'><strong>Bononio</strong></span> <span class='ocrx_word' id='word_1_135' title='bbox 422 3216 625 3280; x_wconf 79' lang='lat' dir='ltr'><strong>scholasticus</strong></span> <span class='ocrx_word' id='word_1_136' title='bbox 646 3236 790 3299; x_wconf 72' lang='lat' dir='ltr'><strong>agerem,</strong></span> <span class='ocrx_word' id='word_1_137' title='bbox 823 3227 921 3302; x_wconf 84' lang='lat' dir='ltr'><strong>atque</strong></span> <span class='ocrx_word' id='word_1_138' title='bbox 946 3216 997 3280; x_wconf 86' lang='lat' dir='ltr'><strong>iile</strong></span> <span class='ocrx_word' id='word_1_139' title='bbox 1022 3218 1147 3300; x_wconf 76' lang='lat' dir='ltr'><strong>legatus</strong></span> 
     </span>
     <span class='ocr_line' id='line_1_20' title="bbox 116 3313 1146 3394; baseline 0.003 -14"><span class='ocrx_word' id='word_1_140' title='bbox 116 3318 157 3380; x_wconf 88' lang='lat' dir='ltr'><strong>ad</strong></span> <span class='ocrx_word' id='word_1_141' title='bbox 174 3317 292 3382; x_wconf 86' lang='lat' dir='ltr'><strong>Julium</strong></span> <span class='ocrx_word' id='word_1_142' title='bbox 312 3314 355 3378; x_wconf 90' lang='lat'><strong>11.</strong></span> <span class='ocrx_word' id='word_1_143' title='bbox 375 3313 508 3379; x_wconf 76' lang='lat' dir='ltr'><strong>Caesaris</strong></span> <span class='ocrx_word' id='word_1_144' title='bbox 523 3317 731 3383; x_wconf 78' lang='lat' dir='ltr'><strong>Maximssiaui</strong></span> <span class='ocrx_word' id='word_1_145' title='bbox 750 3316 852 3394; x_wconf 82' lang='lat' dir='ltr'><strong>esset,</strong></span> <span class='ocrx_word' id='word_1_146' title='bbox 880 3328 912 3381; x_wconf 90' lang='lat' dir='ltr'><strong>et</strong></span> <span class='ocrx_word' id='word_1_147' title='bbox 936 3320 970 3380; x_wconf 89' lang='lat' dir='ltr'><strong>in</strong></span> <span class='ocrx_word' id='word_1_148' title='bbox 994 3338 1037 3382; x_wconf 89' lang='lat' dir='ltr'><strong>eo</strong></span> <span class='ocrx_word' id='word_1_149' title='bbox 1051 3316 1146 3383; x_wconf 84' lang='lat' dir='ltr'><strong>itine-</strong></span> 
     </span>
     <span class='ocr_line' id='line_1_21' title="bbox 116 3414 1145 3502; baseline 0.004 -23"><span class='ocrx_word' id='word_1_150' title='bbox 116 3436 152 3479; x_wconf 83' lang='lat' dir='ltr'><strong>re</strong></span> <span class='ocrx_word' id='word_1_151' title='bbox 169 3418 347 3480; x_wconf 78' lang='lat' dir='ltr'><strong>Bononiam</strong></span> <span class='ocrx_word' id='word_1_152' title='bbox 362 3414 569 3493; x_wconf 76' lang='lat' dir='ltr'><strong>accessisset,</strong></span> <span class='ocrx_word' id='word_1_153' title='bbox 581 3429 732 3502; x_wconf 85' lang='lat' dir='ltr'><strong>rogatus</strong></span> <span class='ocrx_word' id='word_1_154' title='bbox 756 3438 827 3483; x_wconf 89' lang='lat' dir='ltr'><strong>sum</strong></span> <span class='ocrx_word' id='word_1_155' title='bbox 853 3438 871 3480; x_wconf 82' lang='lat' dir='ltr'><strong>a</strong></span> <span class='ocrx_word' id='word_1_156' title='bbox 892 3416 1058 3483; x_wconf 83' lang='lat' dir='ltr'><strong>Germanis</strong></span> <span class='ocrx_word' id='word_1_157' title='bbox 1087 3416 1145 3497; x_wconf 74' lang='lat' dir='ltr'><strong>bi,</strong></span> 
     </span>
     <span class='ocr_line' id='line_1_22' title="bbox 120 3514 1148 3600; baseline 0.004 -22"><span class='ocrx_word' id='word_1_158' title='bbox 120 3514 380 3600; x_wconf 76' lang='lat' dir='ltr'><strong>quondoquidem</strong></span> <span class='ocrx_word' id='word_1_159' title='bbox 412 3514 602 3580; x_wconf 78' lang='lat' dir='ltr'><strong>carminibus</strong></span> <span class='ocrx_word' id='word_1_160' title='bbox 639 3531 671 3582; x_wconf 93' lang='lat' dir='ltr'><strong>et</strong></span> <span class='ocrx_word' id='word_1_161' title='bbox 709 3517 906 3582; x_wconf 84' lang='lat' dir='ltr'><strong>orationibus</strong></span> <span class='ocrx_word' id='word_1_162' title='bbox 939 3525 1148 3587; x_wconf 71' lang='lat' dir='ltr'><strong>occurrerent</strong></span> 
     </span>
     <span class='ocr_line' id='line_1_23' title="bbox 121 3614 1147 3705; baseline 0.006 -25"><span class='ocrx_word' id='word_1_163' title='bbox 121 3614 253 3681; x_wconf 74' lang='lat' dir='ltr'><strong>Caesaris</strong></span> <span class='ocrx_word' id='word_1_164' title='bbox 282 3619 386 3700; x_wconf 86' lang='lat' dir='ltr'><strong>legato</strong></span> <span class='ocrx_word' id='word_1_165' title='bbox 415 3615 486 3679; x_wconf 83' lang='lat' dir='ltr'><strong>Itali</strong></span> <span class='ocrx_word' id='word_1_166' title='bbox 509 3618 621 3695; x_wconf 86' lang='lat' dir='ltr'><strong>multi,</strong></span> <span class='ocrx_word' id='word_1_167' title='bbox 653 3639 695 3682; x_wconf 89' lang='lat' dir='ltr'><strong>ne</strong></span> <span class='ocrx_word' id='word_1_168' title='bbox 719 3617 884 3682; x_wconf 83' lang='lat' dir='ltr'><strong>videretur</strong></span> <span class='ocrx_word' id='word_1_169' title='bbox 911 3638 954 3681; x_wconf 84' lang='lat' dir='ltr'><strong>ex</strong></span> <span class='ocrx_word' id='word_1_170' title='bbox 978 3616 1147 3705; x_wconf 58' lang='lat' dir='ltr'><strong>Germ*</strong></span> 
     </span>
     <span class='ocr_line' id='line_1_24' title="bbox 120 3668 1255 3811; baseline 0.005 -33"><span class='ocrx_word' id='word_1_171' title='bbox 120 3715 195 3782; x_wconf 86' lang='lat' dir='ltr'><strong>item</strong></span> <span class='ocrx_word' id='word_1_172' title='bbox 220 3718 362 3801; x_wconf 86' lang='lat' dir='ltr'><strong>potuisse</strong></span> <span class='ocrx_word' id='word_1_173' title='bbox 387 3720 451 3781; x_wconf 90' lang='lat' dir='ltr'><strong>hoc</strong></span> <span class='ocrx_word' id='word_1_174' title='bbox 474 3717 654 3796; x_wconf 87' lang='lat' dir='ltr'><strong>neminem,</strong></span> <span class='ocrx_word' id='word_1_175' title='bbox 687 3717 807 3803; x_wconf 86' lang='lat' dir='ltr'><strong>aliquid</strong></span> <span class='ocrx_word' id='word_1_176' title='bbox 826 3729 858 3782; x_wconf 90' lang='lat' dir='ltr'><strong>et</strong></span> <span class='ocrx_word' id='word_1_177' title='bbox 876 3717 946 3799; x_wconf 82' lang='lat' dir='ltr'><strong>ipse</strong></span> <span class='ocrx_word' id='word_1_178' title='bbox 964 3716 1168 3784; x_wconf 75' lang='lat' dir='ltr'><strong>conscribe-⁹</strong></span> <span class='ocrx_word' id='word_1_179' title='bbox 1160 3668 1255 3811; x_wconf 58' lang='grc' dir='ltr'><strong>’.ιζ</strong></span> 
     </span>
     <span class='ocr_line' id='line_1_25' title="bbox 121 3818 1150 3902; baseline 0.005 -24"><span class='ocrx_word' id='word_1_180' title='bbox 121 3837 208 3892; x_wconf 88' lang='lat' dir='ltr'><strong>rem,</strong></span> <span class='ocrx_word' id='word_1_181' title='bbox 227 3820 316 3902; x_wconf 89' lang='lat' dir='ltr'><strong>quod</strong></span> <span class='ocrx_word' id='word_1_182' title='bbox 335 3819 377 3882; x_wconf 86' lang='lat' dir='ltr'><strong>iili</strong></span> <span class='ocrx_word' id='word_1_183' title='bbox 397 3819 576 3884; x_wconf 76' lang='lat' dir='ltr'><strong>offerretur.</strong></span> <span class='ocrx_word' id='word_1_184' title='bbox 613 3819 726 3895; x_wconf 84' lang='lat' dir='ltr'><strong>Parui,</strong></span> <span class='ocrx_word' id='word_1_185' title='bbox 747 3818 918 3882; x_wconf 87' lang='lat' dir='ltr'><strong>obsecutus</strong></span> <span class='ocrx_word' id='word_1_186' title='bbox 936 3840 1025 3883; x_wconf 87' lang='lat' dir='ltr'><strong>sum·</strong></span> <span class='ocrx_word' id='word_1_187' title='bbox 1043 3818 1150 3883; x_wconf 80' lang='grc' dir='ltr'>Ριιιο·</span> 
     </span>
     <span class='ocr_line' id='line_1_26' title="bbox 121 3914 1149 4001; baseline 0.002 -22"><span class='ocrx_word' id='word_1_188' title='bbox 121 3914 264 4000; x_wconf 78' lang='lat' dir='ltr'><strong>gysicum</strong></span> <span class='ocrx_word' id='word_1_189' title='bbox 290 3917 361 3983; x_wconf 88' lang='lat' dir='ltr'><strong>iusi.</strong></span> <span class='ocrx_word' id='word_1_190' title='bbox 414 3917 452 3982; x_wconf 87' lang='lat' dir='ltr'><strong>ln</strong></span> <span class='ocrx_word' id='word_1_191' title='bbox 479 3917 667 3983; x_wconf 78' lang='lat' dir='ltr'><strong>membranis</strong></span> <span class='ocrx_word' id='word_1_192' title='bbox 699 3918 899 4001; x_wconf 84' lang='lat' dir='ltr'><strong>conscriptus</strong></span> <span class='ocrx_word' id='word_1_193' title='bbox 932 3918 1055 3982; x_wconf 82' lang='lat' dir='ltr'><strong>libellus</strong></span> <span class='ocrx_word' id='word_1_194' title='bbox 1087 3926 1149 3997; x_wconf 79' lang='lat' dir='ltr'><strong>est,</strong></span> 
     </span>
     <span class='ocr_line' id='line_1_27' title="bbox 122 4017 1153 4102; baseline 0.002 -20"><span class='ocrx_word' id='word_1_195' title='bbox 122 4027 156 4082; x_wconf 85' lang='lat' dir='ltr'><strong>et</strong></span> <span class='ocrx_word' id='word_1_196' title='bbox 174 4039 314 4102; x_wconf 84' lang='lat' dir='ltr'><strong>purpura</strong></span> <span class='ocrx_word' id='word_1_197' title='bbox 342 4018 491 4096; x_wconf 76' lang='lat' dir='ltr'><strong>indutus,</strong></span> <span class='ocrx_word' id='word_1_198' title='bbox 520 4038 557 4080; x_wconf 88' lang='lat' dir='ltr'><strong>ac</strong></span> <span class='ocrx_word' id='word_1_199' title='bbox 575 4019 726 4083; x_wconf 77' lang='lat' dir='ltr'><strong>deaurata</strong></span> <span class='ocrx_word' id='word_1_200' title='bbox 748 4019 863 4087; x_wconf 77' lang='lat' dir='ltr'><strong>trous·</strong></span> <span class='ocrx_word' id='word_1_201' title='bbox 896 4019 1004 4083; x_wconf 85' lang='lat' dir='ltr'><strong>titulus</strong></span> <span class='ocrx_word' id='word_1_202' title='bbox 1036 4017 1153 4099; x_wconf 72' lang='lat' dir='ltr'><strong>minio,</strong></span> 
     </span>
     <span class='ocr_line' id='line_1_28' title="bbox 117 4118 1152 4205; baseline 0.001 -21"><span class='ocrx_word' id='word_1_203' title='bbox 117 4119 264 4204; x_wconf 78' lang='lat' dir='ltr'><strong>relique,</strong></span> <span class='ocrx_word' id='word_1_204' title='bbox 294 4132 332 4184; x_wconf 91' lang='lat' dir='ltr'><strong>ut</strong></span> <span class='ocrx_word' id='word_1_205' title='bbox 358 4131 552 4204; x_wconf 84' lang='lat' dir='ltr'><strong>potuerunt,</strong></span> <span class='ocrx_word' id='word_1_206' title='bbox 584 4122 719 4184; x_wconf 82' lang='lat' dir='ltr'><strong>exculta.</strong></span> <span class='ocrx_word' id='word_1_207' title='bbox 757 4120 843 4183; x_wconf 83' lang='lat' dir='ltr'><strong>Tum</strong></span> <span class='ocrx_word' id='word_1_208' title='bbox 862 4119 914 4184; x_wconf 79' lang='lat' dir='ltr'><strong>itte</strong></span> <span class='ocrx_word' id='word_1_209' title='bbox 941 4118 1043 4205; x_wconf 75' lang='lat' dir='ltr'><strong>quid?</strong></span> <span class='ocrx_word' id='word_1_210' title='bbox 1072 4120 1152 4187; x_wconf 79' lang='lat' dir='ltr'><strong>Non</strong></span> 
     </span>
     <span class='ocr_line' id='line_1_29' title="bbox 120 4217 1151 4337; baseline 0.004 -54"><span class='ocrx_word' id='word_1_211' title='bbox 120 4241 250 4303; x_wconf 78' lang='lat' dir='ltr'><strong>possum</strong></span> <span class='ocrx_word' id='word_1_212' title='bbox 266 4220 374 4285; x_wconf 87' lang='lat' dir='ltr'><strong>dicere</strong></span> <span class='ocrx_word' id='word_1_213' title='bbox 388 4221 489 4284; x_wconf 82' lang='lat' dir='ltr'><strong>aliud.</strong></span> <span class='ocrx_word' id='word_1_214' title='bbox 509 4220 826 4306; x_wconf 80' lang='lat' dir='ltr'><strong>contempsitmunus</strong></span> <span class='ocrx_word' id='word_1_215' title='bbox 840 4240 956 4286; x_wconf 86' lang='lat' dir='ltr'><strong>meum.</strong></span> <span class='ocrx_word' id='word_1_216' title='bbox 993 4217 1151 4337; x_wconf 66' lang='lat' dir='ltr'><strong>Fingitevi</strong></span> 
     </span>
     <span class='ocr_line' id='line_1_30' title="bbox 119 4320 1152 4437; baseline 0.002 -53"><span class='ocrx_word' id='word_1_217' title='bbox 119 4320 204 4385; x_wconf 85' lang='lat' dir='ltr'><strong>baud</strong></span> <span class='ocrx_word' id='word_1_218' title='bbox 233 4324 334 4384; x_wconf 87' lang='lat' dir='ltr'><strong>muito</strong></span> <span class='ocrx_word' id='word_1_219' title='bbox 359 4333 452 4403; x_wconf 84' lang='lat' dir='ltr'><strong>post,</strong></span> <span class='ocrx_word' id='word_1_220' title='bbox 485 4322 561 4437; x_wconf 82' lang='lat' dir='ltr'><strong>quia</strong></span> <span class='ocrx_word' id='word_1_221' title='bbox 586 4321 620 4386; x_wconf 90' lang='lat' dir='ltr'><strong>in</strong></span> <span class='ocrx_word' id='word_1_222' title='bbox 643 4320 786 4386; x_wconf 70' lang='lat' dir='ltr'><strong>mxima</strong></span> <span class='ocrx_word' id='word_1_223' title='bbox 811 4341 1006 4391; x_wconf 79' lang='lat' dir='ltr'><strong>summorum</strong></span> <span class='ocrx_word' id='word_1_224' title='bbox 1032 4320 1152 4405; x_wconf 84' lang='lat' dir='ltr'><strong>princi·</strong></span> 
     </span>
    </p>
   </div>
   <div class='ocr_carea' id='block_1_5' title="bbox 122 4422 1288 4509">
    <p class='ocr_par' dir='ltr' id='par_1_5' title="bbox 122 4422 1288 4509">
     <span class='ocr_line' id='line_1_31' title="bbox 122 4422 1288 4509; baseline 0.003 -23"><span class='ocrx_word' id='word_1_225' title='bbox 122 4441 200 4502; x_wconf 83' lang='lat' dir='ltr'><strong>pum</strong></span> <span class='ocrx_word' id='word_1_226' title='bbox 229 4422 368 4509; x_wconf 71' lang='lat' dir='ltr'><strong>negotiis</strong></span> <span class='ocrx_word' id='word_1_227' title='bbox 400 4423 521 4488; x_wconf 76' lang='lat' dir='ltr'><strong>versari</strong></span> <span class='ocrx_word' id='word_1_228' title='bbox 548 4422 685 4500; x_wconf 69' lang='grc' dir='ltr'>ιιίιιιιι,</span> <span class='ocrx_word' id='word_1_229' title='bbox 722 4422 844 4507; x_wconf 62' lang='lat' dir='ltr'><strong>mpii»</strong></span> <span class='ocrx_word' id='word_1_230' title='bbox 870 4442 948 4489; x_wconf 75' lang='lat' dir='ltr'><strong>usus</strong></span> <span class='ocrx_word' id='word_1_231' title='bbox 976 4423 1152 4493; x_wconf 63' lang='lat' dir='ltr'><strong>amicorum</strong></span> <span class='ocrx_word' id='word_1_232' title='bbox 1280 4486 1288 4505; x_wconf 71' lang='grc'>,</span> 
     </span>
    </p>
   </div>
   <div class='ocr_carea' id='block_1_6' title="bbox 0 0 1341 5086">
    <p class='ocr_par' dir='ltr' id='par_1_6' title="bbox 0 0 1341 5086">
     <span class='ocr_line' id='line_1_32' title="bbox 0 0 1341 5086; baseline 0 0"><span class='ocrx_word' id='word_1_233' title='bbox 0 0 1341 5086; x_wconf 95' lang='lat' dir='ltr'><strong> </strong></span> 
     </span>
    </p>
   </div>
  </div>
 </body>
</html>
