2632 5086
146 770 216 845 ³66
269 798 321 833 ·
464 758 629 831 Fortuna
650 666 839 851 ΒΕΧΘΒἪ·

568 946 759 1009 Fortuna.

130 1118 139 1143 ,
177 1126 187 1147 ·
221 1059 266 1121 At
285 1054 347 1118 elio
369 1073 433 1136 ego
454 1069 545 1113 more
564 1049 641 1111 stare
660 1045 735 1108 nihil
754 1044 856 1107 soleo.

571 1148 739 1210 Hutten.

222 1255 308 1337 Quid
327 1255 355 1317 si
373 1254 488 1319 Jouern
508 1270 645 1313 oravero
664 1246 761 1337 igitur
777 1243 915 1324 primum
934 1251 1010 1304 tuos
1023 1238 1123 1301 malos
1135 1245 1176 1297 ut

146 1367 268 1419 euertat
285 1364 389 1429 enus,
411 1351 528 1417 deinde
546 1351 633 1413 bons
647 1358 682 1408 ut
701 1341 871 1408 fortuuet?

567 1450 759 1512 Fortuna.

221 1555 293 1620 Jam
320 1552 486 1616 obsurduit
517 1549 600 1613 votis
629 1547 775 1630 Jupiter,
806 1564 913 1627 neque
939 1539 983 1602 ini
1010 1534 1175 1600 molestius

148 1653 320 1739 quicquum
337 1652 470 1727 feceris,
490 1670 586 1735 quem
604 1649 679 1713 istas
701 1660 770 1711 tuas
792 1645 819 1707 si
838 1661 1000 1726 proponas
1024 1637 1176 1701 rationes.

146 1754 210 1820 Dic
226 1754 310 1819 onim
330 1753 409 1837 quid
425 1751 475 1815 vis
493 1763 529 1813 ut
544 1751 689 1813 fortunet
705 1745 786 1809 tibi?

142 1861 145 1867 ’
575 1852 741 1913 Hutten.

222 1956 315 2018 Uxor
343 1964 379 2016 ut
408 1952 571 2032 contingat
597 1961 750 2024 venusto,
782 1946 890 2020 dives,
923 1939 1176 2013 adulescentula,

148 2052 267 2135 optime
285 2052 443 2127 instituta,
472 2063 504 2113 et
521 2050 666 2114 educato.

570 2150 764 2211 Fortuna.

80 2324 85 2335 ,
192 2250 195 2255 ’
227 2252 341 2314 Toties
359 2251 443 2312 idern
469 2248 581 2312 abillo
602 2259 724 2311 orntum
745 2258 792 2308 ost
815 2246 893 2326 jorn,
915 2243 1081 2315 irascetur,
1101 2220 1177 2320 ipsis

146 2352 314 2435 booierrim
332 2351 492 2435 Fuggeris
516 2349 661 2411 obtinere
689 2347 812 2410 difficile
836 2355 937 2419 esset,
965 2343 1056 2425 qrrod
1074 2340 1103 2405 oi
1124 2337 1178 2400 oui

147 2474 262 2519 eorum
281 2451 372 2535 optio
391 2452 504 2527 deon,
524 2449 590 2513 soio
610 2452 705 2513 talem
723 2468 860 2511 uxorem
880 2445 946 2508 istis
973 2457 1021 2508 tot
1041 2444 1180 2511 millibus

142 2556 359 2636 prolaturum.

74 2648 80 2665 '¹
578 2653 741 2714 Horten.

221 2748 331 2832 Atque
351 2769 415 2833 ego
433 2752 620 2832 praetulero,
641 2750 694 2814 dio
710 2747 785 2811 nrihi
806 2757 925 2821 sutem,
950 2745 1180 2826 habentmngis

67 2906 72 2913 .
147 2848 321 2930 propitium
341 2850 485 2933 Fuggeri
511 2853 645 2928 Jovem,
673 2870 769 2934 quam
787 2869 829 2911 ex
847 2846 1014 2930 egentibus
1034 2843 1179 2929 quilibet,

147 2960 202 3013 out
222 2949 384 3014 bonorum
401 2951 542 3034 aliquis?

556 3053 763 3114 Fortuna.

53 3224 61 3249 .-
220 3149 273 3213 Ad
286 3160 410 3230 tempus
421 3151 557 3226 babent,
576 3173 649 3214 nuni
664 3163 817 3234 perpetua
829 3171 895 3213 non
911 3159 1004 3222 sunt,
1025 3167 1095 3229 qtroe
1112 3165 1178 3228 ego

144 3248 314 3328 dispenso,
335 3270 376 3310 an
395 3271 461 3312 non
481 3253 596 3315 audisti
607 3249 790 3334 Diphilum,
815 3272 888 3313 cum
908 3249 1000 3312 dicit:
1021 3250 1180 3332 Εφημέςας

144 3351 239 3424 πόκας
257 3352 424 3417 κικτῆμιθα.

581 3453 754 3514 Hutten.

220 3547 343 3613 Audivi
367 3561 400 3611 et
420 3551 610 3633 Theognem
633 3554 751 3615 adhuc:
771 3552 904 3615 ΠολλὸιιΙ
930 3551 1091 3631 οἷκρηστοῖςι
1110 3553 1182 3618 9:⁰⁸5

114 3698 118 3709 .
147 3644 223 3712 dado?
239 3648 344 3725 ὄλβιον
370 3655 488 3718 ἐσθλόν.
526 3653 596 3715 Jorn
615 3664 647 3715 te
667 3652 765 3736 igitur
784 3653 926 3716 desinam
946 3634 1053 3728 orare,
1081 3664 1181 3736 atque

147 3749 257 3815 itidem
279 3772 427 3814 accusare
455 3751 616 3830 desinam,
642 3752 799 3838 siquidem
820 3754 982 3818 distribuis
1011 3755 1180 3830 incertum,

146 3852 238 3934 pensi
250 3873 319 3914 non
328 3852 464 3927 babens,
481 3853 552 3936 quis
562 3899 570 3928 ,
582 3866 618 3917 tu
635 3855 723 3938 quod
736 3855 881 3930 dederis,
900 3855 1046 3935 occipiat,
1058 3866 1091 3917 et
1102 3854 1182 3938 quia

147 3950 182 4013 in
208 3954 306 4014 malos
331 3952 465 4033 perinde
484 3975 521 4015 so
544 3955 649 4018 bonos
677 3957 810 4030 cadunt,
838 3979 907 4039 queo
928 3967 963 4018 tu
990 3956 1093 4031 bonu,
1124 3966 1183 4018 aut

146 4053 226 4113 maia
246 4050 388 4133 projicis.
427 4054 518 4117 Illum
537 4055 668 4119 veroin
688 4058 779 4138 culpa
795 4077 865 4118 esse
882 4057 998 4120 Jovem
1012 4055 1124 4129 video,
1148 4034 1184 4118 et

148 4150 225 4235 quin
248 4161 280 4214 te
297 4173 410 4217 cecam
430 4156 590 4229 reddidit,
611 4167 643 4218 et
663 4155 751 4221 molis
770 4159 845 4242 quia
863 4179 933 4221 esse
949 4158 1033 4221 bene
1052 4154 1181 4238 patitur.

563 4255 760 4321 Portuno.

225 4352 312 4435 Quid
337 4352 365 4416 si
394 4351 498 4436 ipsum
527 4355 623 4420 etism
647 4358 764 4422 Jovem
787 4359 953 4422 ostendam
975 4359 1036 4425 boo
1066 4374 1183 4419 vocare
