2632 5086
335 746 577 849 Inspicieritee
600 746 787 851 Dialogus
1007 758 1079 838 539
1288 828 1300 867 ,Ι

65 944 221 1019 excitare,
240 964 277 1006 ec
295 926 475 1025 martinse
492 940 612 1006 inlerre
632 942 798 1007 Germanis
815 953 952 1021 mortes,
976 954 1099 1017 utente
1267 870 1300 945 ι’

66 1045 207 1106 cerilotia
227 1055 356 1119 vacent,
375 1055 408 1106 et
426 1043 517 1105 novis
537 1041 744 1124 pensionibus
760 1044 851 1106 locus
870 1046 925 1120 sit,
957 1066 993 1109 sc
1011 1047 1081 1113 tto-

65 1135 145 1206 man't
163 1143 291 1206 veniant
307 1143 465 1225 pecunie,
484 1155 537 1205 sut
557 1143 630 1205 mihi
649 1143 742 1206 etiam
760 1142 877 1226 aliquid
896 1156 932 1207 ut
950 1143 1081 1227 objicio·

65 1251 119 1304 mr
137 1243 197 1305 hic.
237 1245 305 1307 Jnm
325 1243 380 1306 diu
399 1253 448 1306 est
466 1243 555 1322 enim,
569 1244 699 1327 quidem
715 1264 783 1308 non
801 1243 1081 1311 moriuntur'multi
1136 1314 1140 1333 Ι
1170 1324 1174 1333 Ι

66 1344 139 1406 satis
160 1343 301 1425 opulenti
319 1343 404 1424 apud
421 1342 573 1407 barbaros
593 1344 737 1409 sacrifici.
774 1344 894 1422 Audis,
915 1347 981 1411 an?
1098 1308 1197 1509 2⁸&

528 1444 616 1508 Sol.

140 1547 295 1610 Attonite.

471 1643 662 1726 cajetan.

142 1748 204 1809 Sed
220 1747 253 1807 in
268 1744 356 1824 ipsos
372 1743 508 1824 jaculare
529 1747 664 1827 primum
685 1745 871 1827 episcopos,
890 1757 928 1810 ut
939 1755 1084 1810 ementur

66 1847 172 1929 pallia,
202 1856 233 1907 et
254 1845 452 1907 sacerdotum
473 1845 638 1925 prefectos
667 1845 828 1922 interfice,
851 1858 889 1909 bt
913 1845 971 1922 sit,
995 1845 1082 1907 unde

67 1947 202 2009 haltcant
226 1966 317 2005 nove
343 1943 502 2024 pontilicis
525 1957 675 2009 creature
699 1950 955 2011 emolumentum.
1006 1948 1083 2011 Om-

66 2048 144 2109 nino
162 2047 246 2107 enim
257 2047 439 2126 prospicere
453 2043 510 2107 illis
523 2056 670 2127 oportet,
689 2045 927 2111 iuoecesssrios
939 2056 1084 2129 stimptus

66 2147 202 2230 pecunie
220 2156 255 2208 ut
275 2143 325 2207 sit.

540 2220 562 2283 S
574 2242 594 2283 ο
603 2222 625 2285 l.

138 2321 182 2383 At
206 2320 262 2383 ubi
282 2331 403 2402 pestem
429 2319 558 2396 seciam,
590 2320 696 2384 nubile
725 2342 808 2404 opus
828 2321 888 2386 erit
913 2322 1083 2399 inducere,
1157 2314 1160 2321 ’

66 2442 102 2484 ec
131 2421 260 2483 nebulas
288 2442 504 2504 conspergere
533 2421 567 2484 in
598 2432 734 2498 terrem,
762 2433 795 2484 et
816 2420 949 2503 caligine
976 2423 1085 2485 celum

67 2523 271 2597 obumbrare,
291 2522 382 2604 quod
396 2531 506 2584 metuo
516 2532 552 2584 ut
569 2530 601 2584 te
620 2521 760 2585 ollemlrt
777 2532 855 2585 tunc
870 2520 1085 2604 intemperies.

483 2618 511 2683 C
523 2620 679 2701 sieten.

143 2721 308 2801 Praecipue
324 2720 497 2800 pestssentis
513 2721 570 2795 sit,
600 2729 636 2781 ut
653 2731 767 2785 vacent
781 2719 952 2797 beneficis,
976 2718 1086 2785 nubile
1210 2706 1215 2715 ’

70 2831 191 2896 eutem,
216 2831 368 2904 quantum
383 2832 493 2902 potes,
514 2817 646 2895 cobibe,
675 2819 704 2882 si
725 2819 852 2889 nieme
872 2833 982 2905 potes,
1007 2819 1086 2885 illud

69 2921 140 2996 irc,
169 2921 259 3004 quod
274 2919 414 3002 expedit.

465 3017 695 3084 Pbsie'thon.

130 3121 175 3201 1Ο
199 3131 410 3185 veteratorem
422 3131 564 3183 extreme
580 3116 814 3185 detestandum!
845 3116 939 3179 Nunc
959 3115 1087 3178 demum

71 3221 182 3296 sudio,
210 3221 288 3304 quid
314 3241 398 3304 egre
419 3219 494 3282 buic
516 3217 627 3295 iaciat,
658 3216 792 3301 etquid
818 3214 976 3298 jucunde,
1009 3214 1088 3299 quid

69 3322 189 3387 tristent
207 3321 336 3398 reddet,
360 3331 394 3382 et
420 3317 499 3403 quid
524 3319 674 3395 elacrem,
701 3317 729 3382 si
745 3312 965 3381 secunder‘res
984 3325 1089 3385 essem

70 3419 112 3482 de
132 3419 333 3502 indulgentiis
358 3419 440 3498 sibi,
464 3418 559 3483 lacile
583 3419 684 3481 nubes
715 3416 833 3492 ferret,
857 3415 960 3501 frigus
978 3415 1088 3495 ipcile,

72 3540 110 3583 sc
141 3540 281 3584 omnem.
299 3519 517 3604 intemperiem
546 3518 725 3583 sustineret.
779 3516 945 3600 Adloquer
967 3502 1087 3598 ipsum,

72 3618 305 3683 rudimentis
329 3619 492 3683 conciliate
506 3629 559 3685 tu:
584 3616 721 3683 Pescere
742 3626 870 3700 oportet
889 3636 968 3681 oves
983 3628 1089 3707 pulp-

71 3738 155 3795 rem,
172 3738 237 3779 non
260 3717 417 3783 occidere.
1056 3680 1095 3761 ff

492 3815 679 3901 Cejetsn.

128 3921 215 4003 Quid
230 3921 293 3998 ais,
311 3917 491 4003 sacrilege?
511 3919 589 4003 quid
602 3916 703 4003 gerris
717 3918 847 3981 sceleste
865 3914 992 3999 conge,
1013 3934 1091 3979 exe·

72 4021 266 4086 cretionibus
295 4021 507 4095 conterende,
534 4031 566 4083 et
587 4015 829 4082 comminuende
855 4014 1004 4099 jamjam?
1034 4017 1090 4080 tm

72 4123 274 4187 conturbabis
295 4122 434 4186 rationes
455 4131 490 4183 tu
507 4119 606 4184 milti?

450 4204 692 4285 Pbse‘thon.

157 4324 317 4408 Equidem
340 4323 368 4389 si
397 4320 531 4405 possim,
566 4321 644 4406 quid
663 4319 748 4384 enim
773 4318 903 4385 interire
928 4318 1021 4382 etiem
1040 4316 1089 4383 vis
