2632 5086
205 825 275 900 32⁶
488 816 550 892 De
572 814 727 914 Guejaci
751 814 937 889 medicina
971 856 977 871 ·

207 1011 353 1083 habuerit
370 1019 614 1092 temperaturam
632 1004 716 1069 utilis
739 1018 797 1069 est.
834 1005 974 1069 Morbus
993 1026 1059 1070 non
1080 1018 1130 1071 est
1149 1007 1241 1086 alius,

208 1112 347 1177 Galenus
379 1110 499 1193 inquit,
534 1105 594 1171 nisi
621 1118 725 1170 motus
753 1118 845 1197 extra
872 1118 1025 1171 naturam.
1063 1108 1152 1170 Idem
1179 1109 1240 1171 ait:

207 1214 324 1281 Sanum
342 1210 522 1295 intelligunt
528 1209 664 1296 medici,
685 1206 777 1289 cujus
789 1208 894 1270 omnia
908 1209 1048 1271 membra
1062 1211 1240 1274 secundum

203 1325 322 1380 nature
343 1333 471 1375 cursum
489 1311 646 1385 existunt,
667 1318 777 1371 contra
794 1307 972 1385 infirmum,
992 1308 1019 1370 si
1040 1311 1129 1394 quod
1150 1332 1239 1374 suant

204 1408 351 1481 naturam
382 1413 575 1495 egrediatur.
628 1407 751 1492 Nequis
782 1412 800 1470 ir
824 1408 1036 1471 concitatione
1071 1410 1239 1476 confestim

203 1513 309 1590 bibat,
342 1513 541 1576 medicorum
566 1509 710 1575 doctrina
739 1519 865 1570 cardum
892 1520 950 1571 est.
989 1509 1036 1572 llli
1057 1511 1151 1573 etiam
1172 1534 1238 1576 om·

202 1636 277 1681 nem
296 1613 491 1697 repentinam
507 1611 713 1675 mutationem
728 1608 937 1689 periculosam
956 1610 1075 1672 (licum.
1115 1612 1239 1694 Recep-

204 1722 272 1783 tum
285 1726 333 1778 est
350 1725 384 1776 et
402 1714 464 1778 hoc
483 1722 673 1795 perpetuum
693 1709 791 1772 otium
804 1708 895 1769 bone
908 1710 1083 1772 valetudini
1102 1712 1237 1777 maxime

205 1815 384 1890 adversari,
414 1825 525 1877 contra
544 1811 706 1876 mediocre
723 1808 909 1871 exercitium
927 1831 1051 1874 summo
1072 1831 1144 1875 esse
1157 1834 1236 1893 prse-

202 1915 297 1981 sidio.
337 1915 476 1979 Galenus
495 1910 617 1998 inquit:
644 1909 821 1974 Maximum
842 1924 890 1973 est
906 1913 1020 1973 malum
1039 1912 1080 1975 ad
1097 1912 1237 1977 sanitatis

201 2015 377 2081 custodiam
403 2013 563 2095 profunda
589 2011 735 2093 corporis
760 2010 869 2091 quies,
899 2011 981 2073 sicut
1005 2024 1037 2073 ct
1066 2015 1236 2078 maximum

199 2114 323 2181 bonum
340 2115 504 2178 moderata
519 2111 634 2174 motio.
673 2112 723 2175 De
752 2132 886 2189 somno,
919 2116 1048 2198 quando
1081 2115 1107 2178 is
1126 2136 1236 2198 capes·

201 2216 318 2281 sendus
337 2225 370 2277 et
390 2224 544 2298 quantus,
570 2211 695 2275 abunde
720 2212 838 2275 Paulus
863 2213 978 2289 docet,
1006 2227 1037 2277 et
1058 2237 1128 2297 quse
1148 2227 1234 2280 recte

201 2315 319 2380 aditum
345 2333 419 2378 eum
445 2322 619 2398 sequantur
639 2312 805 2374 commoda
832 2314 980 2376 ostendit.
1019 2315 1234 2380 Meridianunr

201 2435 312 2481 omnes
350 2414 506 2479 damnant.
547 2413 610 2477 -His
638 2412 694 2495 qui
721 2411 867 2503 tristioris
911 2426 985 2477 sunt
1016 2412 1152 2493 naturas,
1180 2429 1237 2484 aut

196 2517 285 2604 euris
317 2518 510 2590 lacerantur,
547 2512 766 2577 accersendam
795 2513 921 2576 aliunde
955 2515 1089 2578 laetitiam
1119 2518 1233 2581 medici

198 2599 395 2699 magnopere
415 2625 546 2698 putant,
577 2625 609 2677 et
628 2614 860 2678 exhilarandam
881 2606 1039 2693 mentem,
1072 2639 1109 2678 ac
1128 2621 1235 2682 levan-

198 2717 272 2781 dam
293 2715 389 2780 animi
413 2715 600 2798 gravitatem
638 2715 798 2780 Sonorum
817 2716 970 2780 suavitate
991 2717 1142 2799 cogitatio
1168 2719 1233 2782 ahi·

197 2803 637 2901 gendaestfflaulusinrpait.
676 2816 741 2898 Qui
760 2837 854 2880 sanus
877 2828 939 2892 est,
962 2828 993 2877 et
1013 2838 1077 2880 suae
1096 2821 1232 2901 spontis,

201 2912 318 2981 Celsus
344 2917 407 2994 ait,
443 2938 550 3001 neque
576 2915 699 2980 medico
731 2917 844 2991 debet,
872 2937 980 3000 neque
1006 2917 1098 3000 alipta
1123 2939 1233 3002 egere.

195 3016 294 3101 Quod
304 3028 339 3081 ut
357 3018 478 3100 probo,
499 3029 533 3081 et
552 3039 609 3083 eos
630 3018 685 3102 qui
696 3019 815 3099 optime
835 3018 940 3079 valent
954 3019 1029 3080 nulli
1050 3039 1084 3081 se
1099 3041 1231 3104 magno·

192 3118 429 3201 pere'vivendi
459 3140 577 3196 nonnae
606 3117 770 3195 devincire
804 3119 891 3179 volo.
943 3119 988 3180 lta
1019 3120 1066 3181 his
1092 3120 1147 3203 qui
1175 3121 1229 3183 ali·

194 3203 324 3309 quando
343 3219 590 3295 laboraverunt,
613 3229 668 3280 aut
685 3240 822 3301 corpora
841 3218 957 3282 liabent
975 3219 1161 3282 morborum
1180 3222 1227 3282 iu·

191 3314 284 3401 iuriis
308 3318 464 3393 obnoxia,
487 3330 541 3381 aut
562 3318 740 3382 istiusmodi
764 3332 943 3403 sequuntur
962 3320 1033 3382 vitre
1052 3342 1170 3402 genus,
1193 3323 1227 3385 in

193 3438 261 3503 quo
280 3439 348 3481 non
365 3418 458 3482 facile
482 3419 566 3482 tueri
585 3420 747 3484 sanitatem
771 3420 915 3502 possint,
950 3441 1031 3501 opus
1059 3441 1128 3484 csse
1148 3444 1225 3505 qua·

191 3518 263 3583 dum
289 3518 361 3580 vite
384 3521 495 3604 regula
519 3520 649 3582 multum
675 3541 805 3585 censeo.
844 3522 982 3583 Galenus
1003 3521 1144 3598 monuit,
1170 3543 1225 3584 ne·

191 3639 352 3711 quaquam
363 3621 555 3702 superfluam
571 3640 641 3683 esse
660 3620 790 3683 vivendi
803 3622 916 3702 legem.
943 3620 1044 3683 Diaeta
1061 3623 1160 3698 enirn,
1176 3624 1225 3685 in-

192 3721 277 3809 quit,
290 3721 445 3785 medicina
457 3730 514 3782 est.
534 3721 643 3804 Atque
651 3721 716 3782 hsce
723 3720 835 3794 habui,
850 3727 1092 3798 optimePacer,
1109 3733 1225 3802 optime

189 3828 373 3902 Princeps!
394 3822 472 3907 'que
497 3820 531 3884 in
562 3821 631 3883 reru
655 3820 874 3903 propositam,
913 3836 966 3887 aut
995 3847 1046 3887 me
1070 3837 1222 3904 experto,

189 3933 245 3989 ant
277 3921 343 3986 aliis
375 3918 615 4011 audientibus,
649 3921 743 4009 mutis
776 3925 950 4006 presertim
981 3909 1157 4007 magistris,
1173 3911 1227 3988 ‘et

188 4022 237 4086 itis
262 4023 319 4107 qui
343 4023 519 4108 periculum
544 4023 691 4086 lecerunt
720 4035 752 4086 et
782 4024 866 4105 ipsi,
897 4027 1078 4089 conducere
1104 4027 1224 4108 putavi.

189 4119 268 4204 (tuae
292 4123 336 4187 ito
365 4124 543 4189 celsitudini
569 4124 852 4208 tueconscripsi,
890 4138 926 4191 ut
955 4149 1021 4190 non
1044 4130 1155 4191 vellem
1176 4128 1226 4192 his

188 4220 319 4307 quidem
343 4226 390 4289 uti
416 4236 469 4300 te,
500 4223 582 4288 laxit
609 4226 670 4286 hoc
697 4224 781 4287 enim
810 4239 954 4292 servator
982 4227 1150 4305 Christus,
1183 4249 1226 4291 ne

186 4343 328 4389 unouam
349 4327 484 4401 debeas,
504 4326 560 4388 sed
579 4336 615 4386 ut
635 4324 668 4386 in
688 4336 743 4387 tua
761 4328 826 4389 hec
844 4331 915 4392 aulo
937 4341 1060 4406 essent,
1082 4327 1225 4392 omniurn

276 4426 363 4491 nitati
383 4425 546 4521 exposita,
569 4445 708 4510 quorum
725 4424 879 4506 judicium
898 4429 1096 4491 aStromero
1111 4428 1225 4511 exiges
