2632 5086
399 39 1312 353 -

152 786 156 793 ·
227 763 299 838 412
465 756 607 834 debris
632 752 800 833 Secunde
824 748 1014 858 Dialogus.

658 949 814 1014 Febris.

304 1055 379 1118 Non
405 1052 581 1134 probabat,
609 1051 667 1113 sed
695 1050 821 1114 dicebat
845 1048 1026 1115 ineensulto
1045 1068 1100 1125 se,
1129 1062 1164 1114 et
1183 1062 1262 1114 tune

227 1156 313 1220 forte
345 1155 378 1217 in
411 1153 544 1216 consitio
576 1153 722 1216 Deorum
755 1152 838 1215 haud
869 1162 1022 1232 praesente
1049 1154 1184 1215 relatum
1225 1170 1265 1213 ea

228 1259 270 1319 de
298 1279 355 1330 ro,
392 1267 424 1316 et
455 1253 682 1327 constitutum,
716 1250 885 1336 viderique
915 1252 991 1328 sibi,
1029 1251 1169 1317 rescindi
1201 1251 1264 1314 hoo

228 1356 348 1419 debere
367 1355 546 1428 decretum,
566 1364 602 1416 ut
615 1354 880 1437 quemadmodum
897 1354 988 1429 olim,
1006 1373 1126 1415 uxores
1145 1351 1262 1415 ducant

227 1454 325 1521 hodie
345 1455 543 1529 sacerdotes,
577 1452 772 1536 quominus
797 1459 815 1515 ἐι
841 1453 1041 1517 meretricum
1067 1464 1263 1536 exurgentes

232 1554 405 1623 concubitu
424 1554 555 1637 impuris
572 1553 746 1630 mentibus,
767 1574 803 1616 ae
817 1553 961 1617 manibus
975 1564 1109 1617 tractent
1125 1568 1226 1617 saera.

663 1670 832 1734 Hutten.

304 1780 393 1843 Idem
413 1800 476 1861 ego
497 1779 617 1840 suadeo
645 1779 697 1839 vel
721 1789 779 1839 tuo
807 1775 952 1852 nomine,
982 1789 1018 1840 ut
1037 1777 1160 1841 reditus
1180 1779 1263 1842 istae

229 1879 285 1942 tibi
306 1880 359 1954 sit,
393 1881 497 1941 dorreo
517 1878 601 1939 enim
620 1876 835 1938 concubinarii
859 1891 932 1939 sunt
951 1879 1153 1956 sacerdotes,
1184 1878 1262 1944 nihii

231 1978 311 2055 erit,
331 1990 368 2042 ut
385 1979 527 2060 intelligo
548 1997 619 2039 cum
639 1976 717 2060 ipsis
732 1978 862 2058 amplius
881 1977 938 2041 tibi
956 1999 1136 2043 commune.

597 2159 601 2169 ,
670 2092 834 2157 Febris.

305 2194 407 2276 Nihili
443 2198 520 2282 quia
550 2211 582 2263 et
607 2199 734 2283 Jupiter
762 2212 861 2279 vetat,
893 2211 924 2264 et
950 2198 1000 2266 alii
1021 2212 1094 2266 sunt
1111 2223 1187 2267 eum
1205 2205 1264 2271 itt·

227 2302 363 2366 abunde
382 2300 499 2364 morbi.

196 2500 200 2507 Ι
662 2418 828 2485 Hutten.

307 2527 339 2593 A
357 2527 484 2605 eraptd'a
506 2523 649 2590 scilieet?

452 2637 455 2643 ’
668 2641 695 2705 F
704 2641 826 2706 ebris.

310 2744 420 2811 Etiam
436 2752 456 2811 b
472 2739 679 2826 eoueubinis',
699 2771 769 2833 quae
788 2748 869 2811 lueri
888 2768 982 2813 eausa
999 2766 1169 2817 versantur
1190 2775 1263 2818 eum

231 2846 390 2911 morbosis
409 2844 488 2925 itis,
505 2848 573 2911 sire
592 2851 680 2929 lepra
699 2860 843 2913 teneatur
863 2848 949 2932 quis,
972 2850 1040 2914 sire
1061 2875 1144 2935 aqua
1163 2854 1264 2919 inter·

231 2959 320 3023 eute,
342 2960 396 3011 aut
412 2948 528 3013 morbo
546 2949 687 3028 Gallico,
717 2962 771 3012 aut
786 2968 1001 3034 quoeunque,
1031 2952 1186 3035 aquibus
1206 2956 1264 3017 do·

137 3117 140 3121 ,
229 3068 317 3112 mum
328 3061 493 3133 reportant
505 3068 544 3113 ea
557 3052 652 3128 mala,
677 3061 709 3112 et
720 3050 753 3113 in
766 3062 920 3114 amatores
934 3052 1162 3117 transfundunt
1174 3076 1263 3123 suos.

663 3153 830 3214 Hutten.

308 3249 417 3314 Etiam
434 3251 500 3313 hee
520 3257 568 3315 est
584 3273 698 3335 magna
716 3252 894 3315 istiusmodi
912 3273 987 3332 pars
1007 3252 1151 3318 miseriae.

663 3367 823 3432 Febris.

310 3464 447 3549 Magna,
467 3476 503 3530 ut
523 3466 631 3532 sentis.
825 3478 827 3483 '

638 3569 671 3632 Η
687 3591 709 3631 ιι
727 3580 739 3630 t
756 3581 769 3631 t
787 3590 805 3629 e
824 3591 856 3631 n.

309 3665 400 3752 siqui
436 3665 630 3732 concubinas
665 3689 745 3732 vero
779 3689 846 3733 non
878 3669 1047 3750 habeant,
1080 3672 1174 3738 etiam
1205 3695 1262 3739 eos

231 3766 397 3831 durities?
682 3778 690 3791 ··
882 3769 886 3779 “

571 3853 575 3860 ’
670 3870 832 3935 Febris.

303 3967 409 4032 Etiam
425 3987 500 4045 eos,
527 3969 656 4034 avaritia
668 3982 817 4038 tenentur
830 3971 931 4050 enim,
956 3993 1072 4060 magno
1093 3984 1126 4040 et
1138 3973 1262 4044 incoru-

221 4067 365 4148 'parabdi
384 4066 460 4135 item
479 4069 603 4134 morbo.

646 4172 714 4237 Hu
728 4182 843 4236 tterr.

306 4268 392 4336 Tum
411 4267 496 4354 siqui
515 4271 645 4339 avaritia
670 4295 738 4340 uon
763 4284 930 4339 teneantur
955 4273 1066 4352 etiam,
1101 4273 1182 4362 quid
1201 4296 1260 4340 eos

231 4366 350 4432 facies?
