<?xml version="1.0" encoding="UTF-8"?>
<!DOCTYPE html PUBLIC "-//W3C//DTD XHTML 1.0 Transitional//EN"
    "http://www.w3.org/TR/xhtml1/DTD/xhtml1-transitional.dtd">
<html xmlns="http://www.w3.org/1999/xhtml" xml:lang="en" lang="en">
 <head>
  <title>
</title>
<meta http-equiv="Content-Type" content="text/html;charset=utf-8" />
  <meta name='ocr-system' content='tesseract 3.04.00' />
  <meta name='ocr-capabilities' content='ocr_page ocr_carea ocr_par ocr_line ocrx_word'/>
</head>
<body>
  <div class='ocr_page' id='page_1' title='image "./ulrichiabhutten02mngoog_0412.png"; bbox 0 0 2632 5086; ppageno 0'>
   <div class='ocr_carea' id='block_1_1' title="bbox 397 39 1310 343">
    <p class='ocr_par' dir='ltr' id='par_1_1' title="bbox 397 39 1310 343">
     <span class='ocr_line' id='line_1_1' title="bbox 397 39 1310 343; baseline -0.043 0"><span class='ocrx_word' id='word_1_1' title='bbox 397 39 1310 343; x_wconf 61' lang='lat'>1</span> 
     </span>
    </p>
   </div>
   <div class='ocr_carea' id='block_1_2' title="bbox 195 748 981 850">
    <p class='ocr_par' dir='ltr' id='par_1_2' title="bbox 195 748 981 850">
     <span class='ocr_line' id='line_1_2' title="bbox 195 748 981 850; baseline -0.013 -16"><span class='ocrx_word' id='word_1_2' title='bbox 195 768 267 834; x_wconf 69' lang='lat'><strong>402</strong></span> <span class='ocrx_word' id='word_1_3' title='bbox 446 754 574 834; x_wconf 78' lang='lat' dir='ltr'><strong>Febris</strong></span> <span class='ocrx_word' id='word_1_4' title='bbox 597 753 766 831; x_wconf 75' lang='lat' dir='ltr'><strong>secunda</strong></span> <span class='ocrx_word' id='word_1_5' title='bbox 787 748 981 850; x_wconf 78' lang='lat' dir='ltr'><strong>Dialogus.</strong></span> 
     </span>
    </p>
   </div>
   <div class='ocr_carea' id='block_1_3' title="bbox 198 956 1232 1546">
    <p class='ocr_par' dir='ltr' id='par_1_3' title="bbox 632 956 798 1023">
     <span class='ocr_line' id='line_1_3' title="bbox 632 956 798 1023; baseline 0 0"><span class='ocrx_word' id='word_1_6' title='bbox 632 956 798 1023; x_wconf 84' lang='lat' dir='ltr'><strong>Hutten.</strong></span> 
     </span>
    </p>

    <p class='ocr_par' dir='ltr' id='par_1_4' title="bbox 198 1058 1232 1546">
     <span class='ocr_line' id='line_1_4' title="bbox 274 1058 1227 1140; baseline -0.009 -12"><span class='ocrx_word' id='word_1_7' title='bbox 274 1064 344 1128; x_wconf 84' lang='lat' dir='ltr'><strong>Jarn</strong></span> <span class='ocrx_word' id='word_1_8' title='bbox 359 1064 420 1126; x_wconf 89' lang='lat' dir='ltr'><strong>hoe</strong></span> <span class='ocrx_word' id='word_1_9' title='bbox 439 1061 551 1137; x_wconf 86' lang='lat' dir='ltr'><strong>video,</strong></span> <span class='ocrx_word' id='word_1_10' title='bbox 570 1062 604 1123; x_wconf 89' lang='lat' dir='ltr'><strong>in</strong></span> <span class='ocrx_word' id='word_1_11' title='bbox 625 1081 666 1124; x_wconf 85' lang='lat' dir='ltr'><strong>eo</strong></span> <span class='ocrx_word' id='word_1_12' title='bbox 685 1060 881 1123; x_wconf 84' lang='lat' dir='ltr'><strong>miseriorem</strong></span> <span class='ocrx_word' id='word_1_13' title='bbox 895 1058 993 1124; x_wconf 84' lang='lat' dir='ltr'><strong>fuisse</strong></span> <span class='ocrx_word' id='word_1_14' title='bbox 1012 1061 1115 1135; x_wconf 80' lang='lat' dir='ltr'><strong>iltrnn,</strong></span> <span class='ocrx_word' id='word_1_15' title='bbox 1134 1058 1227 1140; x_wconf 73' lang='lat' dir='ltr'><strong>qtrod</strong></span> 
     </span>
     <span class='ocr_line' id='line_1_5' title="bbox 198 1159 1231 1244; baseline -0.006 -20"><span class='ocrx_word' id='word_1_16' title='bbox 198 1175 286 1226; x_wconf 81' lang='lat' dir='ltr'><strong>tanto</strong></span> <span class='ocrx_word' id='word_1_17' title='bbox 306 1182 413 1224; x_wconf 87' lang='lat' dir='ltr'><strong>rerum</strong></span> <span class='ocrx_word' id='word_1_18' title='bbox 433 1161 561 1224; x_wconf 80' lang='lat' dir='ltr'><strong>suarum</strong></span> <span class='ocrx_word' id='word_1_19' title='bbox 582 1161 751 1244; x_wconf 76' lang='lat' dir='ltr'><strong>dispendio</strong></span> <span class='ocrx_word' id='word_1_20' title='bbox 774 1171 895 1241; x_wconf 89' lang='lat' dir='ltr'><strong>pestem</strong></span> <span class='ocrx_word' id='word_1_21' title='bbox 917 1163 997 1222; x_wconf 86' lang='lat' dir='ltr'><strong>hane</strong></span> <span class='ocrx_word' id='word_1_22' title='bbox 1016 1159 1110 1232; x_wconf 78' lang='lat' dir='ltr'><strong>aluit,</strong></span> <span class='ocrx_word' id='word_1_23' title='bbox 1131 1179 1231 1240; x_wconf 78' lang='lat' dir='ltr'><strong>quant</strong></span> 
     </span>
     <span class='ocr_line' id='line_1_6' title="bbox 201 1259 1232 1346; baseline -0.007 -22"><span class='ocrx_word' id='word_1_24' title='bbox 201 1264 291 1346; x_wconf 91' lang='lat' dir='ltr'><strong>quod</strong></span> <span class='ocrx_word' id='word_1_25' title='bbox 310 1262 408 1324; x_wconf 85' lang='lat' dir='ltr'><strong>amari</strong></span> <span class='ocrx_word' id='word_1_26' title='bbox 425 1263 464 1323; x_wconf 83' lang='lat' dir='ltr'><strong>ab</strong></span> <span class='ocrx_word' id='word_1_27' title='bbox 484 1263 551 1342; x_wconf 83' lang='lat' dir='ltr'><strong>ipsa</strong></span> <span class='ocrx_word' id='word_1_28' title='bbox 572 1283 637 1322; x_wconf 89' lang='lat' dir='ltr'><strong>uon</strong></span> <span class='ocrx_word' id='word_1_29' title='bbox 658 1262 804 1323; x_wconf 79' lang='lat' dir='ltr'><strong>obtinuit.</strong></span> <span class='ocrx_word' id='word_1_30' title='bbox 841 1263 920 1322; x_wconf 86' lang='lat' dir='ltr'><strong>Nam</strong></span> <span class='ocrx_word' id='word_1_31' title='bbox 940 1259 1013 1323; x_wconf 87' lang='lat' dir='ltr'><strong>satis</strong></span> <span class='ocrx_word' id='word_1_32' title='bbox 1028 1270 1116 1333; x_wconf 80' lang='lat' dir='ltr'><strong>erat,</strong></span> <span class='ocrx_word' id='word_1_33' title='bbox 1138 1259 1232 1340; x_wconf 88' lang='lat' dir='ltr'><strong>quod</strong></span> 
     </span>
     <span class='ocr_line' id='line_1_7' title="bbox 200 1359 1231 1435; baseline -0.007 -9"><span class='ocrx_word' id='word_1_34' title='bbox 200 1363 297 1426; x_wconf 80' lang='lat' dir='ltr'><strong>amari</strong></span> <span class='ocrx_word' id='word_1_35' title='bbox 323 1383 359 1425; x_wconf 89' lang='lat' dir='ltr'><strong>se</strong></span> <span class='ocrx_word' id='word_1_36' title='bbox 384 1361 535 1435; x_wconf 86' lang='lat' dir='ltr'><strong>credidit,</strong></span> <span class='ocrx_word' id='word_1_37' title='bbox 564 1382 635 1423; x_wconf 91' lang='lat' dir='ltr'><strong>curn</strong></span> <span class='ocrx_word' id='word_1_38' title='bbox 664 1373 700 1423; x_wconf 92' lang='lat' dir='ltr'><strong>ut</strong></span> <span class='ocrx_word' id='word_1_39' title='bbox 727 1362 792 1423; x_wconf 86' lang='lat' dir='ltr'><strong>aliis</strong></span> <span class='ocrx_word' id='word_1_40' title='bbox 818 1361 852 1424; x_wconf 90' lang='lat' dir='ltr'><strong>in</strong></span> <span class='ocrx_word' id='word_1_41' title='bbox 870 1361 986 1434; x_wconf 85' lang='lat' dir='ltr'><strong>rebus,</strong></span> <span class='ocrx_word' id='word_1_42' title='bbox 1006 1360 1048 1420; x_wconf 88' lang='lat' dir='ltr'><strong>ita</strong></span> <span class='ocrx_word' id='word_1_43' title='bbox 1067 1359 1100 1420; x_wconf 93' lang='lat' dir='ltr'><strong>in</strong></span> <span class='ocrx_word' id='word_1_44' title='bbox 1119 1378 1231 1420; x_wconf 86' lang='lat' dir='ltr'><strong>amore</strong></span> 
     </span>
     <span class='ocr_line' id='line_1_8' title="bbox 201 1461 724 1546; baseline -0.01 -22"><span class='ocrx_word' id='word_1_45' title='bbox 201 1484 334 1546; x_wconf 89' lang='lat' dir='ltr'><strong>quoque</strong></span> <span class='ocrx_word' id='word_1_46' title='bbox 359 1463 491 1523; x_wconf 87' lang='lat' dir='ltr'><strong>multum</strong></span> <span class='ocrx_word' id='word_1_47' title='bbox 516 1461 616 1542; x_wconf 82' lang='lat' dir='ltr'><strong>possit</strong></span> <span class='ocrx_word' id='word_1_48' title='bbox 634 1463 724 1524; x_wconf 80' lang='lat' dir='ltr'><strong>tides.</strong></span> 
     </span>
    </p>
   </div>
   <div class='ocr_carea' id='block_1_4' title="bbox 203 1577 1234 2157">
    <p class='ocr_par' dir='ltr' id='par_1_5' title="bbox 627 1577 799 1640">
     <span class='ocr_line' id='line_1_9' title="bbox 627 1577 799 1640; baseline -0.006 -1"><span class='ocrx_word' id='word_1_49' title='bbox 627 1577 799 1640; x_wconf 82' lang='lat' dir='ltr'><strong>Febris.</strong></span> 
     </span>
    </p>

    <p class='ocr_par' dir='ltr' id='par_1_6' title="bbox 203 1676 1234 2157">
     <span class='ocr_line' id='line_1_10' title="bbox 279 1676 1233 1757; baseline -0.008 -17"><span class='ocrx_word' id='word_1_50' title='bbox 279 1679 330 1740; x_wconf 90' lang='lat' dir='ltr'><strong>Sic</strong></span> <span class='ocrx_word' id='word_1_51' title='bbox 352 1689 451 1740; x_wconf 88' lang='lat' dir='ltr'><strong>estut</strong></span> <span class='ocrx_word' id='word_1_52' title='bbox 471 1678 566 1752; x_wconf 89' lang='lat' dir='ltr'><strong>dicis,</strong></span> <span class='ocrx_word' id='word_1_53' title='bbox 592 1678 649 1741; x_wconf 83' lang='lat' dir='ltr'><strong>sed</strong></span> <span class='ocrx_word' id='word_1_54' title='bbox 672 1676 853 1757; x_wconf 79' lang='lat' dir='ltr'><strong>hujusmodi</strong></span> <span class='ocrx_word' id='word_1_55' title='bbox 876 1678 1026 1749; x_wconf 71' lang='lat' dir='ltr'><strong>cethaee,</strong></span> <span class='ocrx_word' id='word_1_56' title='bbox 1054 1686 1091 1736; x_wconf 92' lang='lat' dir='ltr'><strong>ut</strong></span> <span class='ocrx_word' id='word_1_57' title='bbox 1109 1688 1233 1756; x_wconf 78' lang='lat' dir='ltr'><strong>(prante</strong></span> 
     </span>
     <span class='ocr_line' id='line_1_11' title="bbox 203 1776 1234 1860; baseline -0.006 -20"><span class='ocrx_word' id='word_1_58' title='bbox 203 1779 303 1860; x_wconf 81' lang='lat' dir='ltr'><strong>magis</strong></span> <span class='ocrx_word' id='word_1_59' title='bbox 332 1797 373 1838; x_wconf 81' lang='lat' dir='ltr'><strong>ex</strong></span> <span class='ocrx_word' id='word_1_60' title='bbox 402 1789 480 1838; x_wconf 82' lang='lat' dir='ltr'><strong>voto</strong></span> <span class='ocrx_word' id='word_1_61' title='bbox 507 1797 576 1840; x_wconf 85' lang='lat' dir='ltr'><strong>esse</strong></span> <span class='ocrx_word' id='word_1_62' title='bbox 603 1776 664 1840; x_wconf 89' lang='lat' dir='ltr'><strong>sibi</strong></span> <span class='ocrx_word' id='word_1_63' title='bbox 694 1777 805 1860; x_wconf 83' lang='lat' dir='ltr'><strong>a&#39;iqnis</strong></span> <span class='ocrx_word' id='word_1_64' title='bbox 833 1777 962 1848; x_wconf 80' lang='lat' dir='ltr'><strong>credat,</strong></span> <span class='ocrx_word' id='word_1_65' title='bbox 1000 1787 1085 1835; x_wconf 87' lang='lat' dir='ltr'><strong>tanto</strong></span> <span class='ocrx_word' id='word_1_66' title='bbox 1113 1786 1234 1835; x_wconf 85' lang='lat' dir='ltr'><strong>metuat</strong></span> 
     </span>
     <span class='ocr_line' id='line_1_12' title="bbox 203 1876 1234 1959; baseline -0.005 -19"><span class='ocrx_word' id='word_1_67' title='bbox 203 1878 302 1959; x_wconf 83' lang='lat' dir='ltr'><strong>magis</strong></span> <span class='ocrx_word' id='word_1_68' title='bbox 329 1877 449 1959; x_wconf 83' lang='lat' dir='ltr'><strong>nequid</strong></span> <span class='ocrx_word' id='word_1_69' title='bbox 476 1877 650 1939; x_wconf 76' lang='lat' dir='ltr'><strong>intercedat</strong></span> <span class='ocrx_word' id='word_1_70' title='bbox 678 1878 763 1938; x_wconf 80' lang='lat' dir='ltr'><strong>illuni</strong></span> <span class='ocrx_word' id='word_1_71' title='bbox 789 1876 852 1954; x_wconf 86' lang='lat' dir='ltr'><strong>jam</strong></span> <span class='ocrx_word' id='word_1_72' title='bbox 877 1880 1061 1956; x_wconf 83' lang='lat' dir='ltr'><strong>persuasu&#39;rn</strong></span> <span class='ocrx_word' id='word_1_73' title='bbox 1090 1895 1234 1935; x_wconf 84' lang='lat' dir='ltr'><strong>amorem</strong></span> 
     </span>
     <span class='ocr_line' id='line_1_13' title="bbox 205 1965 1233 2059; baseline 0.001 -25"><span class='ocrx_word' id='word_1_74' title='bbox 205 1979 294 2059; x_wconf 76' lang='lat' dir='ltr'><strong>quod</strong></span> <span class='ocrx_word' id='word_1_75' title='bbox 314 1977 487 2054; x_wconf 88' lang='lat' dir='ltr'><strong>abrumpat.</strong></span> <span class='ocrx_word' id='word_1_76' title='bbox 525 1978 579 2038; x_wconf 83' lang='lat' dir='ltr'><strong>ille</strong></span> <span class='ocrx_word' id='word_1_77' title='bbox 599 1977 696 2059; x_wconf 81' lang='lat' dir='ltr'><strong>igitur</strong></span> <span class='ocrx_word' id='word_1_78' title='bbox 715 1998 787 2038; x_wconf 85' lang='lat' dir='ltr'><strong>curn</strong></span> <span class='ocrx_word' id='word_1_79' title='bbox 806 1988 959 2057; x_wconf 74' lang='lat' dir='ltr'><strong>aegrotare</strong></span> <span class='ocrx_word' id='word_1_80' title='bbox 981 1973 1044 2051; x_wconf 78' lang='lat' dir='ltr'><strong>jain</strong></span> <span class='ocrx_word' id='word_1_81' title='bbox 1062 1965 1233 2054; x_wconf 82' lang='lat' dir='ltr'><strong>inciperet,</strong></span> 
     </span>
     <span class='ocr_line' id='line_1_14' title="bbox 205 2076 554 2157; baseline -0.009 -18"><span class='ocrx_word' id='word_1_82' title='bbox 205 2098 256 2141; x_wconf 82' lang='lat' dir='ltr'><strong>ane</strong></span> <span class='ocrx_word' id='word_1_83' title='bbox 276 2087 390 2139; x_wconf 88' lang='lat' dir='ltr'><strong>urente</strong></span> <span class='ocrx_word' id='word_1_84' title='bbox 409 2076 554 2157; x_wconf 86' lang='lat' dir='ltr'><strong>primum.</strong></span> 
     </span>
    </p>
   </div>
   <div class='ocr_carea' id='block_1_5' title="bbox 229 2192 842 2382">
    <p class='ocr_par' dir='ltr' id='par_1_7' title="bbox 229 2192 842 2382">
     <span class='ocr_line' id='line_1_15' title="bbox 639 2192 809 2254; baseline -0.012 0"><span class='ocrx_word' id='word_1_85' title='bbox 639 2192 672 2254; x_wconf 88' lang='lat' dir='ltr'>H</span> <span class='ocrx_word' id='word_1_86' title='bbox 681 2212 698 2252; x_wconf 91' lang='lat' dir='ltr'><strong>u</strong></span> <span class='ocrx_word' id='word_1_87' title='bbox 708 2201 738 2251; x_wconf 91' lang='lat' dir='ltr'><strong>tt</strong></span> <span class='ocrx_word' id='word_1_88' title='bbox 749 2213 766 2252; x_wconf 84' lang='lat' dir='ltr'><strong>e</strong></span> <span class='ocrx_word' id='word_1_89' title='bbox 777 2213 809 2252; x_wconf 90' lang='lat' dir='ltr'><strong>n.</strong></span> 
     </span>
     <span class='ocr_line' id='line_1_16' title="bbox 229 2289 842 2382; baseline -0.003 -28"><span class='ocrx_word' id='word_1_90' title='bbox 229 2378 231 2382; x_wconf 11' lang='grc' dir='ltr'><em>Α</em></span> <span class='ocrx_word' id='word_1_91' title='bbox 280 2289 380 2377; x_wconf 83' lang='lat' dir='ltr'><strong>Viros</strong></span> <span class='ocrx_word' id='word_1_92' title='bbox 402 2290 444 2353; x_wconf 89' lang='lat' dir='ltr'><strong>ita</strong></span> <span class='ocrx_word' id='word_1_93' title='bbox 462 2289 569 2370; x_wconf 88' lang='lat' dir='ltr'><strong>perdis</strong></span> <span class='ocrx_word' id='word_1_94' title='bbox 592 2301 627 2352; x_wconf 92' lang='lat' dir='ltr'><strong>tu</strong></span> <span class='ocrx_word' id='word_1_95' title='bbox 647 2289 842 2354; x_wconf 86' lang='lat' dir='ltr'><strong>mulieribus.</strong></span> 
     </span>
    </p>
   </div>
   <div class='ocr_carea' id='block_1_6' title="bbox 634 2405 810 2469">
    <p class='ocr_par' dir='ltr' id='par_1_8' title="bbox 634 2405 810 2469">
     <span class='ocr_line' id='line_1_17' title="bbox 634 2405 810 2469; baseline 0.006 -2"><span class='ocrx_word' id='word_1_96' title='bbox 634 2405 810 2469; x_wconf 86' lang='lat' dir='ltr'><strong>Febris.</strong></span> 
     </span>
    </p>
   </div>
   <div class='ocr_carea' id='block_1_7' title="bbox 203 2507 1238 3068">
    <p class='ocr_par' dir='ltr' id='par_1_9' title="bbox 203 2507 1238 3068">
     <span class='ocr_line' id='line_1_18' title="bbox 278 2507 1236 2587; baseline -0.001 -17"><span class='ocrx_word' id='word_1_97' title='bbox 278 2510 327 2570; x_wconf 87' lang='lat' dir='ltr'><strong>Ne</strong></span> <span class='ocrx_word' id='word_1_98' title='bbox 356 2507 540 2586; x_wconf 87' lang='lat' dir='ltr'><strong>interpella,</strong></span> <span class='ocrx_word' id='word_1_99' title='bbox 570 2527 621 2567; x_wconf 85' lang='lat' dir='ltr'><strong>me</strong></span> <span class='ocrx_word' id='word_1_100' title='bbox 648 2517 761 2568; x_wconf 87' lang='lat' dir='ltr'><strong>urente</strong></span> <span class='ocrx_word' id='word_1_101' title='bbox 787 2507 939 2587; x_wconf 85' lang='lat' dir='ltr'><strong>primum,</strong></span> <span class='ocrx_word' id='word_1_102' title='bbox 969 2507 1084 2568; x_wconf 85' lang='lat' dir='ltr'><strong>deinde</strong></span> <span class='ocrx_word' id='word_1_103' title='bbox 1112 2508 1236 2569; x_wconf 82' lang='lat' dir='ltr'><strong>calculo</strong></span> 
     </span>
     <span class='ocr_line' id='line_1_19' title="bbox 205 2605 1238 2690; baseline 0.003 -23"><span class='ocrx_word' id='word_1_104' title='bbox 205 2607 362 2669; x_wconf 76' lang='lat' dir='ltr'><strong>subeunte</strong></span> <span class='ocrx_word' id='word_1_105' title='bbox 384 2607 501 2680; x_wconf 86' lang='lat' dir='ltr'><strong>etiam,</strong></span> <span class='ocrx_word' id='word_1_106' title='bbox 530 2618 603 2685; x_wconf 85' lang='lat' dir='ltr'><strong>post</strong></span> <span class='ocrx_word' id='word_1_107' title='bbox 631 2605 697 2667; x_wconf 79' lang='lat' dir='ltr'><strong>aliis</strong></span> <span class='ocrx_word' id='word_1_108' title='bbox 727 2607 841 2668; x_wconf 83' lang='lat' dir='ltr'><strong>ordine</strong></span> <span class='ocrx_word' id='word_1_109' title='bbox 872 2606 1008 2685; x_wconf 83' lang='lat' dir='ltr'><strong>morbis,</strong></span> <span class='ocrx_word' id='word_1_110' title='bbox 1041 2607 1238 2690; x_wconf 80' lang='lat' dir='ltr'><strong>videretque</strong></span> 
     </span>
     <span class='ocr_line' id='line_1_20' title="bbox 205 2703 1237 2788; baseline 0.003 -20"><span class='ocrx_word' id='word_1_111' title='bbox 205 2707 337 2768; x_wconf 76' lang='lat' dir='ltr'><strong>mudum</strong></span> <span class='ocrx_word' id='word_1_112' title='bbox 363 2703 424 2781; x_wconf 84' lang='lat' dir='ltr'><strong>jam</strong></span> <span class='ocrx_word' id='word_1_113' title='bbox 452 2705 562 2766; x_wconf 85' lang='lat' dir='ltr'><strong>deesse</strong></span> <span class='ocrx_word' id='word_1_114' title='bbox 585 2705 661 2781; x_wconf 85' lang='lat' dir='ltr'><strong>sibi,</strong></span> <span class='ocrx_word' id='word_1_115' title='bbox 690 2726 755 2788; x_wconf 87' lang='lat' dir='ltr'><strong>quo</strong></span> <span class='ocrx_word' id='word_1_116' title='bbox 776 2706 856 2768; x_wconf 81' lang='lat' dir='ltr'><strong>illam</strong></span> <span class='ocrx_word' id='word_1_117' title='bbox 876 2710 1034 2786; x_wconf 84' lang='lat' dir='ltr'><strong>exp&#39;eret,</strong></span> <span class='ocrx_word' id='word_1_118' title='bbox 1061 2708 1100 2767; x_wconf 87' lang='lat' dir='ltr'><strong>ad</strong></span> <span class='ocrx_word' id='word_1_119' title='bbox 1122 2728 1237 2771; x_wconf 89' lang='lat' dir='ltr'><strong>omnes</strong></span> 
     </span>
     <span class='ocr_line' id='line_1_21' title="bbox 206 2803 1238 2884; baseline 0.003 -18"><span class='ocrx_word' id='word_1_120' title='bbox 206 2803 347 2866; x_wconf 72' lang='lat' dir='ltr'><strong>oninium</strong></span> <span class='ocrx_word' id='word_1_121' title='bbox 378 2822 544 2879; x_wconf 75' lang='lat' dir='ltr'><strong>accessus,</strong></span> <span class='ocrx_word' id='word_1_122' title='bbox 573 2806 779 2884; x_wconf 61' lang='lat' dir='ltr'><strong>completus,</strong></span> <span class='ocrx_word' id='word_1_123' title='bbox 809 2808 1030 2880; x_wconf 74' lang='lat' dir='ltr'><strong>solidationes,</strong></span> <span class='ocrx_word' id='word_1_124' title='bbox 1061 2818 1176 2882; x_wconf 89' lang='lat' dir='ltr'><strong>nutus,</strong></span> <span class='ocrx_word' id='word_1_125' title='bbox 1205 2819 1238 2869; x_wconf 90' lang='lat' dir='ltr'><strong>et</strong></span> 
     </span>
     <span class='ocr_line' id='line_1_22' title="bbox 205 2902 1238 2987; baseline 0.006 -24"><span class='ocrx_word' id='word_1_126' title='bbox 205 2902 338 2987; x_wconf 69' lang='lat' dir='ltr'><strong>intuitus</strong></span> <span class='ocrx_word' id='word_1_127' title='bbox 360 2904 568 2981; x_wconf 87' lang='lat' dir='ltr'><strong>contremuit,</strong></span> <span class='ocrx_word' id='word_1_128' title='bbox 595 2905 627 2978; x_wconf 89' lang='lat' dir='ltr'><strong>id</strong></span> <span class='ocrx_word' id='word_1_129' title='bbox 647 2919 790 2970; x_wconf 85' lang='lat' dir='ltr'><strong>metuens</strong></span> <span class='ocrx_word' id='word_1_130' title='bbox 808 2905 943 2981; x_wconf 85' lang='lat' dir='ltr'><strong>seilicet,</strong></span> <span class='ocrx_word' id='word_1_131' title='bbox 964 2903 1077 2987; x_wconf 89' lang='lat' dir='ltr'><strong>nequis</strong></span> <span class='ocrx_word' id='word_1_132' title='bbox 1099 2905 1160 2967; x_wconf 86' lang='lat' dir='ltr'><strong>sibi</strong></span> <span class='ocrx_word' id='word_1_133' title='bbox 1181 2907 1238 2969; x_wconf 85' lang='lat' dir='ltr'><strong>ad·</strong></span> 
     </span>
     <span class='ocr_line' id='line_1_23' title="bbox 203 3003 591 3068; baseline 0.005 -2"><span class='ocrx_word' id='word_1_134' title='bbox 203 3003 290 3066; x_wconf 78' lang='lat' dir='ltr'><strong>secto</strong></span> <span class='ocrx_word' id='word_1_135' title='bbox 311 3005 483 3068; x_wconf 89' lang='lat' dir='ltr'><strong>abduceret</strong></span> <span class='ocrx_word' id='word_1_136' title='bbox 501 3005 591 3068; x_wconf 88' lang='lat' dir='ltr'><strong>hanc.</strong></span> 
     </span>
    </p>
   </div>
   <div class='ocr_carea' id='block_1_8' title="bbox 204 3123 1238 3381">
    <p class='ocr_par' dir='ltr' id='par_1_10' title="bbox 204 3123 1238 3381">
     <span class='ocr_line' id='line_1_24' title="bbox 636 3123 798 3183; baseline -0.019 0"><span class='ocrx_word' id='word_1_137' title='bbox 636 3123 668 3183; x_wconf 90' lang='lat' dir='ltr'>H</span> <span class='ocrx_word' id='word_1_138' title='bbox 675 3144 695 3181; x_wconf 92' lang='lat' dir='ltr'><strong>u</strong></span> <span class='ocrx_word' id='word_1_139' title='bbox 706 3131 798 3182; x_wconf 87' lang='lat' dir='ltr'><strong>tten.</strong></span> 
     </span>
     <span class='ocr_line' id='line_1_25' title="bbox 275 3218 1238 3303; baseline 0.003 -21"><span class='ocrx_word' id='word_1_140' title='bbox 275 3218 389 3282; x_wconf 75' lang='lat' dir='ltr'><strong>&#39;Credo</strong></span> <span class='ocrx_word' id='word_1_141' title='bbox 409 3221 521 3284; x_wconf 89' lang='lat' dir='ltr'><strong>turrim</strong></span> <span class='ocrx_word' id='word_1_142' title='bbox 539 3222 664 3284; x_wconf 85' lang='lat' dir='ltr'><strong>Dana&#39;e&#39;s</strong></span> <span class='ocrx_word' id='word_1_143' title='bbox 686 3219 814 3299; x_wconf 83' lang='lat' dir='ltr'><strong>optabat</strong></span> <span class='ocrx_word' id='word_1_144' title='bbox 838 3220 954 3282; x_wconf 86' lang='lat' dir='ltr'><strong>habere</strong></span> <span class='ocrx_word' id='word_1_145' title='bbox 978 3241 1027 3295; x_wconf 81' lang='lat' dir='ltr'><strong>se,</strong></span> <span class='ocrx_word' id='word_1_146' title='bbox 1058 3241 1124 3303; x_wconf 89' lang='lat' dir='ltr'><strong>quo</strong></span> <span class='ocrx_word' id='word_1_147' title='bbox 1151 3221 1238 3286; x_wconf 86' lang='lat' dir='ltr'><strong>illam</strong></span> 
     </span>
     <span class='ocr_line' id='line_1_26' title="bbox 204 3318 390 3381; baseline -0.011 0"><span class='ocrx_word' id='word_1_148' title='bbox 204 3318 390 3381; x_wconf 82' lang='lat' dir='ltr'><strong>includeret.</strong></span> 
     </span>
    </p>
   </div>
   <div class='ocr_carea' id='block_1_9' title="bbox 187 3434 1241 4418">
    <p class='ocr_par' dir='ltr' id='par_1_11' title="bbox 636 3434 803 3497">
     <span class='ocr_line' id='line_1_27' title="bbox 636 3434 803 3497; baseline -0.006 -1"><span class='ocrx_word' id='word_1_149' title='bbox 636 3434 803 3497; x_wconf 70' lang='lat' dir='ltr'><strong>Febris</strong></span> 
     </span>
    </p>

    <p class='ocr_par' dir='ltr' id='par_1_12' title="bbox 187 3532 1241 4418">
     <span class='ocr_line' id='line_1_28' title="bbox 282 3532 1238 3616; baseline 0.008 -24"><span class='ocrx_word' id='word_1_150' title='bbox 282 3532 349 3594; x_wconf 79' lang='lat' dir='ltr'><strong>lrnb</strong></span> <span class='ocrx_word' id='word_1_151' title='bbox 370 3533 516 3596; x_wconf 84' lang='lat' dir='ltr'><strong>studebat</strong></span> <span class='ocrx_word' id='word_1_152' title='bbox 535 3533 633 3613; x_wconf 78' lang='lat' dir='ltr'><strong>magis</strong></span> <span class='ocrx_word' id='word_1_153' title='bbox 649 3534 818 3613; x_wconf 80' lang='lat' dir='ltr'><strong>gratificari</strong></span> <span class='ocrx_word' id='word_1_154' title='bbox 840 3537 962 3611; x_wconf 77' lang='lat' dir='ltr'><strong>amice,</strong></span> <span class='ocrx_word' id='word_1_155' title='bbox 990 3537 1057 3616; x_wconf 85' lang='lat' dir='ltr'><strong>ipsa</strong></span> <span class='ocrx_word' id='word_1_156' title='bbox 1074 3537 1158 3598; x_wconf 89' lang='lat' dir='ltr'><strong>euim</strong></span> <span class='ocrx_word' id='word_1_157' title='bbox 1175 3560 1238 3600; x_wconf 88' lang='lat' dir='ltr'><strong>no·</strong></span> 
     </span>
     <span class='ocr_line' id='line_1_29' title="bbox 203 3630 1239 3719; baseline 0.007 -24"><span class='ocrx_word' id='word_1_158' title='bbox 203 3634 287 3704; x_wconf 77' lang='lat' dir='ltr'><strong>lebat</strong></span> <span class='ocrx_word' id='word_1_159' title='bbox 305 3630 440 3708; x_wconf 84' lang='lat' dir='ltr'><strong>includi,</strong></span> <span class='ocrx_word' id='word_1_160' title='bbox 460 3634 518 3695; x_wconf 90' lang='lat' dir='ltr'><strong>sed</strong></span> <span class='ocrx_word' id='word_1_161' title='bbox 536 3634 748 3716; x_wconf 75' lang='lat' dir='ltr'><strong>frequentiam</strong></span> <span class='ocrx_word' id='word_1_162' title='bbox 767 3635 903 3710; x_wconf 78' lang='lat' dir='ltr'><strong>arnabat3</strong></span> <span class='ocrx_word' id='word_1_163' title='bbox 924 3637 1116 3719; x_wconf 86' lang='lat' dir='ltr'><strong>putabatque</strong></span> <span class='ocrx_word' id='word_1_164' title='bbox 1136 3642 1239 3702; x_wconf 80' lang='lat' dir='ltr'><strong>solam</strong></span> 
     </span>
     <span class='ocr_line' id='line_1_30' title="bbox 197 3732 1240 3817; baseline 0.008 -24"><span class='ocrx_word' id='word_1_165' title='bbox 197 3754 274 3805; x_wconf 70' lang='lat' dir='ltr'><strong>esse</strong></span> <span class='ocrx_word' id='word_1_166' title='bbox 293 3754 329 3796; x_wconf 88' lang='lat' dir='ltr'><strong>se</strong></span> <span class='ocrx_word' id='word_1_167' title='bbox 349 3732 469 3808; x_wconf 87' lang='lat' dir='ltr'><strong>tribus,</strong></span> <span class='ocrx_word' id='word_1_168' title='bbox 499 3745 552 3796; x_wconf 85' lang='lat' dir='ltr'><strong>aut</strong></span> <span class='ocrx_word' id='word_1_169' title='bbox 579 3745 715 3816; x_wconf 87' lang='lat' dir='ltr'><strong>quatuor</strong></span> <span class='ocrx_word' id='word_1_170' title='bbox 739 3735 878 3797; x_wconf 85' lang='lat' dir='ltr'><strong>robustis</strong></span> <span class='ocrx_word' id='word_1_171' title='bbox 903 3736 1046 3797; x_wconf 85' lang='lat' dir='ltr'><strong>adhibitis</strong></span> <span class='ocrx_word' id='word_1_172' title='bbox 1070 3759 1164 3799; x_wconf 82' lang='lat' dir='ltr'><strong>eoenae</strong></span> <span class='ocrx_word' id='word_1_173' title='bbox 1184 3739 1240 3817; x_wconf 81' lang='lat' dir='ltr'><strong>ju·</strong></span> 
     </span>
     <span class='ocr_line' id='line_1_31' title="bbox 203 3832 1238 3919; baseline 0.009 -25"><span class='ocrx_word' id='word_1_174' title='bbox 203 3833 349 3896; x_wconf 74' lang='lat' dir='ltr'><strong>venibus</strong></span> <span class='ocrx_word' id='word_1_175' title='bbox 381 3833 478 3914; x_wconf 85' lang='lat' dir='ltr'><strong>Quod</strong></span> <span class='ocrx_word' id='word_1_176' title='bbox 488 3832 539 3894; x_wconf 82' lang='lat' dir='ltr'><strong>itte</strong></span> <span class='ocrx_word' id='word_1_177' title='bbox 554 3833 664 3897; x_wconf 86' lang='lat' dir='ltr'><strong>videns</strong></span> <span class='ocrx_word' id='word_1_178' title='bbox 678 3836 859 3914; x_wconf 88' lang='lat' dir='ltr'><strong>(oportebat</strong></span> <span class='ocrx_word' id='word_1_179' title='bbox 876 3847 980 3898; x_wconf 82' lang='lat' dir='ltr'><strong>auteur</strong></span> <span class='ocrx_word' id='word_1_180' title='bbox 994 3837 1063 3916; x_wconf 82' lang='lat' dir='ltr'><strong>ejus</strong></span> <span class='ocrx_word' id='word_1_181' title='bbox 1080 3860 1238 3919; x_wconf 77' lang='lat' dir='ltr'><strong>pernosse</strong></span> 
     </span>
     <span class='ocr_line' id='line_1_32' title="bbox 203 3932 1237 4017; baseline 0.007 -23"><span class='ocrx_word' id='word_1_182' title='bbox 203 3954 326 4008; x_wconf 88' lang='lat' dir='ltr'><strong>mores,</strong></span> <span class='ocrx_word' id='word_1_183' title='bbox 346 3944 378 3993; x_wconf 85' lang='lat' dir='ltr'><strong>et</strong></span> <span class='ocrx_word' id='word_1_184' title='bbox 398 3932 476 4017; x_wconf 89' lang='lat' dir='ltr'><strong>quid</strong></span> <span class='ocrx_word' id='word_1_185' title='bbox 496 3936 588 3997; x_wconf 81' lang='lat' dir='ltr'><strong>veliet</strong></span> <span class='ocrx_word' id='word_1_186' title='bbox 607 3933 766 4012; x_wconf 79' lang='lat' dir='ltr'><strong>praescire)</strong></span> <span class='ocrx_word' id='word_1_187' title='bbox 788 3934 922 3998; x_wconf 80' lang='lat' dir='ltr'><strong>faciebat</strong></span> <span class='ocrx_word' id='word_1_188' title='bbox 940 3939 1054 4002; x_wconf 89' lang='lat' dir='ltr'><strong>crebro</strong></span> <span class='ocrx_word' id='word_1_189' title='bbox 1074 3940 1237 4017; x_wconf 46' lang='lat' dir='ltr'><strong>convivia*</strong></span> 
     </span>
     <span class='ocr_line' id='line_1_33' title="bbox 204 4032 1239 4114; baseline 0.008 -20"><span class='ocrx_word' id='word_1_190' title='bbox 204 4045 237 4094; x_wconf 88' lang='lat' dir='ltr'><strong>et</strong></span> <span class='ocrx_word' id='word_1_191' title='bbox 256 4050 366 4094; x_wconf 87' lang='lat' dir='ltr'><strong>ornnes</strong></span> <span class='ocrx_word' id='word_1_192' title='bbox 386 4032 536 4114; x_wconf 84' lang='lat' dir='ltr'><strong>undique</strong></span> <span class='ocrx_word' id='word_1_193' title='bbox 557 4033 753 4096; x_wconf 80' lang='lat' dir='ltr'><strong>convocabat</strong></span> <span class='ocrx_word' id='word_1_194' title='bbox 772 4036 900 4112; x_wconf 79' lang='lat' dir='ltr'><strong>laetitiae,</strong></span> <span class='ocrx_word' id='word_1_195' title='bbox 922 4050 954 4097; x_wconf 92' lang='lat' dir='ltr'><strong>et</strong></span> <span class='ocrx_word' id='word_1_196' title='bbox 973 4038 1132 4101; x_wconf 82' lang='lat' dir='ltr'><strong>hilaritatis</strong></span> <span class='ocrx_word' id='word_1_197' title='bbox 1157 4060 1239 4102; x_wconf 88' lang='lat' dir='ltr'><strong>eon-</strong></span> 
     </span>
     <span class='ocr_line' id='line_1_34' title="bbox 203 4128 1237 4222; baseline 0.009 -27"><span class='ocrx_word' id='word_1_198' title='bbox 203 4132 397 4209; x_wconf 82' lang='lat' dir='ltr'><strong>cinnatores,</strong></span> <span class='ocrx_word' id='word_1_199' title='bbox 414 4152 479 4216; x_wconf 92' lang='lat' dir='ltr'><strong>quo</strong></span> <span class='ocrx_word' id='word_1_200' title='bbox 493 4132 542 4193; x_wconf 90' lang='lat' dir='ltr'><strong>sui</strong></span> <span class='ocrx_word' id='word_1_201' title='bbox 555 4128 707 4211; x_wconf 85' lang='lat' dir='ltr'><strong>jacturam</strong></span> <span class='ocrx_word' id='word_1_202' title='bbox 717 4135 862 4212; x_wconf 84' lang='lat' dir='ltr'><strong>sarciret,</strong></span> <span class='ocrx_word' id='word_1_203' title='bbox 878 4139 1000 4200; x_wconf 87' lang='lat' dir='ltr'><strong>oblecta</strong></span> <span class='ocrx_word' id='word_1_204' title='bbox 1011 4151 1059 4213; x_wconf 90' lang='lat' dir='ltr'><strong>te,</strong></span> <span class='ocrx_word' id='word_1_205' title='bbox 1073 4139 1237 4222; x_wconf 85' lang='lat' dir='ltr'><strong>inquiens,</strong></span> 
     </span>
     <span class='ocr_line' id='line_1_35' title="bbox 187 4231 1241 4321; baseline 0.005 -22"><span class='ocrx_word' id='word_1_206' title='bbox 187 4234 276 4301; x_wconf 65' lang='lat' dir='ltr'><strong>Eua</strong></span> <span class='ocrx_word' id='word_1_207' title='bbox 301 4245 390 4308; x_wconf 75' lang='lat' dir='ltr'><strong>nice,</strong></span> <span class='ocrx_word' id='word_1_208' title='bbox 422 4243 515 4314; x_wconf 87' lang='lat' dir='ltr'><strong>atque</strong></span> <span class='ocrx_word' id='word_1_209' title='bbox 535 4231 581 4292; x_wconf 86' lang='lat' dir='ltr'><strong>his</strong></span> <span class='ocrx_word' id='word_1_210' title='bbox 602 4232 728 4299; x_wconf 85' lang='lat' dir='ltr'><strong>interim</strong></span> <span class='ocrx_word' id='word_1_211' title='bbox 753 4237 872 4300; x_wconf 78' lang='lat' dir='ltr'><strong>fruere.</strong></span> <span class='ocrx_word' id='word_1_212' title='bbox 911 4242 991 4302; x_wconf 82' lang='lat' dir='ltr'><strong>Nam</strong></span> <span class='ocrx_word' id='word_1_213' title='bbox 1015 4240 1112 4303; x_wconf 82' lang='lat' dir='ltr'><strong>vitam</strong></span> <span class='ocrx_word' id='word_1_214' title='bbox 1141 4243 1241 4321; x_wconf 81' lang='lat' dir='ltr'><strong>plane</strong></span> 
     </span>
     <span class='ocr_line' id='line_1_36' title="bbox 188 4330 901 4418; baseline -0.001 -18"><span class='ocrx_word' id='word_1_215' title='bbox 188 4332 342 4408; x_wconf 69' lang='lat' dir='ltr'><strong>beatam,</strong></span> <span class='ocrx_word' id='word_1_216' title='bbox 366 4330 421 4394; x_wconf 90' lang='lat' dir='ltr'><strong>ubi</strong></span> <span class='ocrx_word' id='word_1_217' title='bbox 441 4334 670 4412; x_wconf 66' lang='lat' dir='ltr'><strong>convaluisset,</strong></span> <span class='ocrx_word' id='word_1_218' title='bbox 689 4337 901 4418; x_wconf 84' lang='lat' dir='ltr'><strong>promittebat.</strong></span> 
     </span>
    </p>
   </div>
   <div class='ocr_carea' id='block_1_10' title="bbox 0 0 1334 5086">
    <p class='ocr_par' dir='ltr' id='par_1_13' title="bbox 0 0 1334 5086">
     <span class='ocr_line' id='line_1_37' title="bbox 0 0 1334 5086; baseline 0 0"><span class='ocrx_word' id='word_1_219' title='bbox 0 0 1334 5086; x_wconf 95' lang='lat' dir='ltr'><strong> </strong></span> 
     </span>
    </p>
   </div>
  </div>
 </body>
</html>
