2632 5086
215 800 287 874 llo
473 802 579 875 Triaa
604 796 771 871 Romanu
792 796 980 896 Dialogus.

629 990 821 1054 Erulrold.
888 984 894 993 '

293 1096 414 1158 Tamen
433 1092 459 1155 si
479 1115 497 1156 a
516 1092 633 1157 Cerolo
654 1101 775 1171 repetat
792 1092 858 1153 bue
876 1088 948 1152 Leo
967 1090 1029 1165 X.,
1053 1089 1132 1172 quid
1148 1090 1239 1154 sutur-

217 1214 285 1259 rum
307 1192 496 1259 existimas?

618 1292 651 1353 Η
666 1314 688 1355 u
701 1302 741 1352 tt
758 1312 819 1353 eu.

291 1396 378 1478 Quid
396 1392 481 1457 aliud
496 1393 596 1467 euim,
617 1414 711 1474 quam
729 1402 764 1453 ut
783 1392 925 1452 ulreoue
945 1411 1002 1452 sua
1021 1388 1160 1451 vicissim
1174 1390 1239 1465 ille,

215 1492 248 1562 et
264 1516 373 1579 regem
392 1514 462 1559 este
482 1516 516 1556 se
540 1492 732 1564 meminerit,
759 1503 791 1553 et
811 1492 1013 1553 Germanum.

634 1594 822 1653 Erulrold.
1001 1670 1004 1675 .

289 1695 396 1779 Atque
428 1694 532 1757 omnia
562 1706 651 1777 agat,
682 1694 830 1768 misceat,
865 1701 951 1767 ruat,
982 1698 1178 1770 prosternat,
1204 1698 1241 1751 et

216 1807 346 1861 evertat.

619 1898 652 1959 H
669 1919 689 1959 u
708 1907 720 1957 t
737 1907 830 1958 ten.

289 1998 429 2061 Meliora
448 1997 612 2074 Christus,
642 2019 708 2059 non
729 2018 768 2058 eo
788 2014 891 2079 usque
910 1991 1136 2076 progredietur
1154 2014 1219 2057 res.

625 2098 822 2159 Eruhold.

290 2197 324 2261 Si
351 2212 526 2279 temperare.
554 2199 605 2259 isti
624 2198 743 2272 scient,
771 2197 846 2279 qui,
878 2198 930 2259 cui
955 2195 1102 2277 injuriam
1126 2196 1237 2259 faeere

211 2318 280 2365 uon
307 2300 478 2373 auderent,
503 2318 578 2360 cum
596 2320 614 2359 a
630 2300 774 2361 Romano
799 2298 892 2360 etiam
909 2296 1051 2377 principe
1071 2309 1237 2360 coutume-

211 2398 285 2463 liam
310 2410 377 2463 'nou
404 2398 606 2463 abstineatur?
639 2399 690 2460 cui
717 2410 750 2460 et
777 2421 795 2460 a
819 2397 953 2479 pedibus
984 2398 1049 2460 suis
1082 2420 1237 2461 eoronam

212 2498 348 2583 porrigit
367 2500 401 2562 iu
421 2490 526 2583 genua
555 2497 679 2580 abjecto
706 2499 871 2579 pontifex,
901 2508 931 2558 et
951 2497 1096 2577 abjurare
1121 2499 1236 2562 urbem

213 2600 367 2679 Romam,
385 2621 425 2685 aq
440 2599 535 2661 ltaliae
554 2597 720 2680 imperium
739 2599 835 2680 cogit.

616 2687 686 2762 H'u
703 2712 771 2763 tte
788 2722 821 2762 u.
870 2778 876 2789 ·

289 2798 442 2863 Carolum
473 2801 602 2884 quidem
636 2800 811 2863 Bohemum
845 2822 912 2863 nou
941 2802 1028 2864 aliter
1066 2802 1236 2866 coronavit

152 2936 155 2943 ·
212 2900 358 2965 Urbanus
377 2900 542 2983 pontifex,
561 2922 655 2987 quam
674 2914 803 2982 accepto
823 2901 1046 2982 jurejurando,
1066 2913 1102 2962 ut
1118 2903 1236 2966 eodem

211 3022 295 3065 auno
322 3001 409 3065 ltalia
434 3002 622 3079 excederet,
652 3021 747 3087 quem
766 3002 846 3063 adeo
866 3013 1015 3081 praterea
1034 3004 1233 3082 contempsit,

211 3114 248 3167 ut
274 3121 315 3166 ne
354 3102 388 3165 in
421 3102 619 3187 colloquium
649 3102 780 3187 'quidem
810 3105 940 3165 veniens
977 3122 995 3162 e
1025 3102 1233 3167 cardinalibus

211 3204 379 3289 quemdam
389 3223 469 3266 eum
487 3202 660 3267 diademate
679 3203 805 3266 obviam
824 3202 961 3277 miserit,
989 3202 1150 3286 vetuitque
1172 3224 1229 3266 ur-

210 3304 285 3367 bem
311 3304 447 3367 nomam
470 3304 643 3380 accedere,
677 3314 709 3366 et
734 3304 854 3388 aliquot
880 3304 972 3366 ltaliae
999 3302 1131 3367 urbibus
1152 3306 1233 3365 mul·

120 3402 123 3409 '
207 3404 389 3479 tauream.

626 3504 818 3566 Ernltoltl.

288 3603 464 3669 Orniulme
493 3603 557 3665 vita
587 3605 716 3685 dignum
745 3603 920 3666 hominem!
954 3604 1070 3668 nedum
1097 3605 1231 3687 imperio

211 3706 382 3781 Romano,
412 3704 468 3787 qui
493 3706 558 3766 haec
583 3704 784 3780 sustinuerit,
816 3706 1032 3768 Romarmuses
1055 3726 1135 3767 vero
1163 3726 1232 3769 rron

211 3804 345 3871 credunt
362 3803 442 3887 ipsi,
473 3815 509 3867 ut
533 3803 608 3867 mihi
634 3804 780 3882 videtur,
810 3805 844 3868 iu
863 3816 1006 3869 extremo
1032 3804 1153 3887 judicio
1180 3828 1232 3867 re·

210 3906 334 3971 uictura
358 3904 408 3968 illa
436 3902 495 3968 tria
521 3906 635 3968 misere
662 3906 702 3969 ab
721 3928 756 3969 se
782 3906 966 3983 mterleeta,
995 3906 1100 3991 deque
1120 3905 1165 3970 eit
1185 3907 1233 3969 sie

211 4004 343 4071 ndllictis
362 4005 521 4068 redditum
539 4007 586 4070 ire
605 4026 640 4069 se
661 4006 824 4070 rationem.

631 4110 797 4171 Hutten.

284 4204 407 4289 Nempe
425 4206 502 4271 illud
520 4208 666 4274 derident
684 4220 860 4273 extremum
879 4206 1041 4287 judicium.

628 4307 819 4373 Ernhotd.

270 4398 459 4494 'ipsumque
478 4409 615 4475 arbitror
632 4430 705 4474 cum
723 4410 789 4475 aliis
808 4430 871 4477 uua
888 4409 1041 4495 jugrdaut.
