2632 5086
147 1190 205 1278 'Ad
222 1203 570 1279 reverendissimum
585 1201 624 1276 in
638 1196 785 1277 Cbristo
798 1199 966 1291 Patrem,
984 1196 1176 1275 illustrissi-

147 1368 250 1416 mum
285 1343 497 1440 Principem
532 1341 723 1421 elbertum
753 1339 1174 1447 Brandenburgensem,

147 1468 410 1572 Cardinaleni,
460 1477 788 1577 Archiepiscopum
830 1478 1091 1575 Mogunlinum
1137 1489 1177 1553 et

206 1620 581 1726 Magdebugensem,
629 1615 860 1713 Principem,
885 1615 1120 1708 Electorem,
1157 1605 1161 1617 ’

519 1757 801 1852 Primatemque.

148 2095 284 2192 Aristus
303 2126 423 2212 nuper,
441 2140 631 2210 recuperata
650 2125 784 2213 quadam
799 2126 927 2190 minime
944 2125 1176 2188 contemnenda

147 2229 199 2291 sui
219 2241 323 2311 parte,
355 2239 395 2294 T.
412 2239 546 2307 Liuius,
574 2251 647 2293 curu
666 2250 774 2293 secum
792 2229 859 2311 ipse
879 2229 1088 2301 consultaret,
1108 2226 1175 2301 nbi,

146 2343 179 2391 et
198 2330 289 2407 cujus
308 2330 369 2393 sub
387 2329 595 2413 inscriptione
614 2332 646 2393 in
666 2333 768 2393 lucem
787 2328 908 2402 exiret,
937 2328 1018 2391 lranc
1036 2338 1175 2389 nostraut

145 2430 205 2491 sibi
232 2419 350 2511 detegit
382 2437 528 2490 Auream
561 2432 793 2510 Mequntiam,
828 2427 924 2491 Pater
952 2447 993 2507 ⁸nc
1022 2425 1176 2509 Princeps

146 2528 390 2592 colendissime!
432 2523 516 2589 inter
549 2524 623 2587 alias
655 2526 795 2607 Europe
828 2526 926 2594 urbes
962 2525 1177 2611 dignissimam

145 2641 252 2704 ratus,
280 2627 434 2701 arbitror,
460 2624 517 2717 ptri
534 2626 656 2691 renasci
676 2629 846 2711 gauderet,
874 2640 994 2714 tuaque
1009 2623 1176 2710 perspecta

147 2729 271 2810 ingenti
299 2747 376 2807 erga
402 2708 559 2791 studiosos
587 2747 624 2788 ec
655 2728 794 2793 literatos
825 2748 935 2792 omnes
961 2718 1175 2816 benignitate,
1286 2722 1292 2737 '

148 2838 256 2910 aptum
280 2849 315 2891 se
341 2826 499 2892 invenisse
525 2827 649 2909 putavit
678 2828 870 2911 principem,
902 2828 994 2910 cujus
1027 2828 1175 2912 auspiciis

146 2929 278 3012 prodire
312 2928 346 2991 in
369 2928 551 3011 publicum,
590 2949 627 2990 ac
661 2930 782 2992 mundo
811 2950 846 2992 se
876 2930 1049 2993 ostendere
1069 2929 1173 2991 vellet.

147 3031 204 3093 llle
221 3013 344 3094 scilicet
368 3040 423 3093 aut
442 3029 592 3114 cogitavit
611 3033 692 3106 luec,
721 3041 859 3091 autnon
882 3031 988 3109 inepte
1015 3048 1033 3087 a
1059 3026 1172 3101 nobis,

146 3129 321 3212 cogitasse,
343 3128 448 3213 putari
468 3130 574 3215 debet.
612 3129 690 3194 Nam
710 3118 839 3194 si'vello
858 3150 931 3191 cunr
946 3128 1048 3189 voluit
1059 3118 1174 3201 Livius

148 3230 284 3313 aliquem
307 3251 369 3294 suo
397 3229 552 3293 decorare
577 3251 726 3314 egressu,
757 3251 852 3315 quern
868 3227 979 3293 debuit
998 3225 1070 3290 urbi
1098 3220 1173 3291 artis

146 3335 284 3394 omnium
309 3352 380 3414 quae
398 3352 534 3414 usquam
554 3328 643 3412 sunt,
672 3343 724 3393 aut
749 3351 890 3415 unquam
916 3328 1064 3405 suerunt,
1095 3326 1173 3410 prae'·

147 3431 340 3493 stantissimae
364 3430 550 3507 inventrici,
582 3453 617 3493 ac
642 3433 771 3494 alumna*
799 3429 1056 3513 (impressoriurn
1075 3440 1170 3512 pulos

146 3550 242 3612 quarn
275 3532 339 3593 haec
372 3531 480 3608 dedit)
509 3532 694 3614 preferre?
743 3533 807 3594 Vel
838 3530 996 3593 hominem
1031 3530 1171 3615 deligere

146 3629 222 3704 sibi,
257 3629 346 3711 cujus
374 3630 558 3711 impressum
586 3631 685 3694 fronti
719 3656 781 3708 sure
808 3653 944 3707 nomen,
975 3631 1073 3696 veluti
1094 3642 1173 3695 tent·

145 3731 233 3811 poris
262 3744 434 3808 monetam,
472 3752 607 3816 quoquo
632 3734 679 3793 ire
706 3726 883 3818 contingat,
920 3732 1050 3794 honoris
1077 3751 1171 3801 causa

144 3832 330 3910 praeferrem
364 3833 457 3895 aliurn
483 3844 570 3917 certe
590 3835 733 3897 nraluisse
752 3833 909 3896 neminem
931 3831 1170 3908 crediderimus,

143 3953 239 4016 quom
257 3943 288 3992 te
303 3932 395 4014 cujus
408 3935 442 3997 iu
462 3925 633 4016 evehendis
651 3926 812 3997 literarurn
827 3932 954 4007 studiis,
970 3953 1006 3995 ac
1020 3931 1169 4013 augendo

141 4033 332 4113 optimorum
350 4034 584 4114 disciplinarum
601 4036 702 4109 cultu,
721 4032 915 4097 incredibilis
933 4034 1029 4118 ardor
1047 4043 1078 4096 et
1091 4032 1171 4096 mira

140 4130 309 4211 industria,
332 4134 364 4196 in
383 4134 583 4215 percolendis
599 4154 678 4197 sero
700 4134 801 4197 doctis
818 4134 998 4197 hominibus
1019 4134 1169 4199 immensa

141 4231 329 4310 liberalitas,
359 4256 395 4297 ac
421 4235 510 4319 regia
535 4236 627 4314 plane
652 4234 877 4298 munificentia.
913 4235 996 4313 ,ltaee
1020 4234 1169 4310 efficiunt,

139 4343 174 4393 ut
191 4354 327 4409 ornnes,
344 4347 504 4415 nitetquot
518 4352 639 4410 sumus,
660 4346 714 4399 arn
730 4334 890 4400 hominum
906 4333 1059 4414 «spinione
1070 4331 1168 4410 docti,
