2632 5086
220 772 292 875 ato
507 766 569 840 De
593 759 746 863 Guajaci
769 760 955 839 medicina

218 959 412 1044 friguerant,
433 968 593 1023 attenuato
606 954 652 1021 ibi
671 953 711 1018 ad
723 974 875 1019 summam
889 974 992 1038 mque
1002 952 1256 1020 maeramdineaa

219 1060 360 1135 femore,
380 1070 476 1141 atque
497 1058 540 1120 ita
553 1054 712 1120 imminuta
730 1065 845 1132 earne,
864 1066 902 1118 ut
918 1072 1033 1136 praeter
1052 1067 1174 1133 cutem,
1193 1056 1253 1119 vix

217 1178 288 1225 eoae
300 1163 478 1235 videretur,
496 1180 562 1241 quo
577 1177 612 1219 ae
627 1177 664 1219 oa
681 1165 876 1238 contegeret.
898 1186 907 1244 '.
913 1155 1070 1220 Praeterea
1080 1155 1117 1219 in
1128 1162 1252 1221 tantum

216 1264 327 1325 luxata
346 1276 481 1341 utraque
500 1258 646 1338 junctura
666 1255 743 1332 tuit,
763 1268 800 1320 ut
818 1256 874 1318 diu
895 1257 1059 1336 agmine
1078 1259 1189 1321 liceret
1203 1259 1253 1321 in-

217 1364 344 1435 aiatere,
361 1361 488 1423 tandem
499 1380 565 1423 non
582 1357 713 1438 amplius
726 1356 820 1421 etiam
831 1357 965 1421 evanida
979 1358 1110 1423 omnino
1127 1380 1170 1423 ex
1185 1362 1253 1423 etu-

217 1461 308 1525 nibua
323 1463 428 1523 altera.
466 1458 604 1522 Dolebat
623 1457 699 1520 item
716 1458 812 1520 levus
829 1458 997 1533 humerus,
1020 1469 1054 1521 et
1071 1460 1170 1523 levari
1188 1458 1251 1540 jam

218 1562 378 1626 brachium
390 1581 454 1621 non
463 1574 587 1641 posset,
603 1558 760 1620 debilitata
771 1568 910 1620 extrema
920 1561 1044 1640 scapula
1053 1562 1250 1637 ocoeliueraq

216 1673 250 1727 et
262 1661 296 1724 in
311 1659 417 1722 medio
434 1661 579 1743 musculo¹
592 1657 683 1721 tuber
699 1657 754 1730 oui
768 1659 986 1740 magnitudine
1003 1658 1168 1733 imminuto
1184 1650 1251 1725 aliis

163 1774 166 1779 “
215 1760 356 1845 partibus
374 1761 414 1822 ad
424 1759 534 1822 miram
547 1758 727 1821 tenuitatem
740 1758 889 1832 brachio,
908 1759 947 1820 ad
964 1759 1062 1840 ipsam
1074 1780 1174 1844 usque
1185 1782 1249 1823 ma·

216 1882 305 1927 num.
342 1863 384 1922 Et
398 1860 432 1922 in
445 1861 704 1934 dexter-atatem,
723 1859 783 1921 sub
800 1858 905 1920 intima
919 1862 1022 1921 statim
1030 1864 1143 1945 morta,
1157 1862 1247 1924 uteue

215 1971 285 2025 orat
302 1965 368 2025 eine
387 1961 501 2022 dolore
521 1959 666 2043 quidem,
688 1960 746 2021 sed
761 1958 881 2020 foedum
897 1959 1057 2040 quoddam
1076 1980 1137 2040 pue
1155 1963 1249 2023 effer-

216 2081 296 2124 vens
307 2072 338 2123 et
353 2080 468 2142 spurca
480 2081 607 2123 manans
623 2059 727 2133 sanie,
741 2059 852 2121 fistulae
864 2059 898 2120 in
908 2080 1028 2121 morem
1040 2070 1176 2139 angusto
1195 2082 1249 2123 ex·

196 2160 316 2247 ‘terius
333 2181 407 2235 ore,
428 2172 460 2223 at
472 2163 572 2242 ampla
586 2159 670 2223 intus
688 2159 831 2222 raritate.
870 2160 1036 2243 Supraque
1053 2161 1153 2239 ipsum
1166 2160 1250 2223 aliud

216 2262 333 2326 iterum
353 2261 469 2336 tuber,
499 2259 591 2345 quasi
615 2270 785 2343 supernato
812 2271 907 2321 costae
934 2260 1073 2343 quodam
1095 2261 1140 2323 ibi
1166 2281 1252 2329 osse.

217 2361 367 2445 Denique
393 2366 553 2428 asummo
578 2376 666 2423 retro
690 2359 810 2442 vertice
840 2361 946 2422 fluxius
973 2360 1057 2435 ibat,
1086 2361 1127 2422 ad
1145 2361 1250 2423 omnia

217 2461 297 2538 iata,
320 2461 485 2525 manifesto
503 2482 610 2525 sensu.
633 2462 721 2541 ‘Qua
747 2459 916 2540 incipiebat
940 2462 966 2522 is
995 2462 1033 2522 ad
1060 2461 1252 2524 lenissimum

218 2562 313 2626 etiam
338 2573 471 2635 tactum,
501 2559 592 2644 quasi
620 2570 750 2639 pertuso
770 2559 879 2624 omnio
909 2561 1037 2621 dolebat
1056 2571 1170 2641 eaput,
1190 2582 1252 2623 nee

217 2661 301 2724 verti
319 2660 354 2722 in
366 2671 507 2742 tergum,
530 2660 590 2722 nisi
609 2681 679 2722 eum
698 2661 769 2742 ipso
787 2682 850 2723 una
865 2680 1002 2739 corpore
1021 2660 1118 2722 facies
1137 2660 1251 2741 potuit.

217 2759 312 2834 Adde
333 2759 427 2834 illud,
447 2760 537 2842 quod
556 2761 657 2822 solum
673 2759 701 2823 si
719 2761 795 2823 mihi
815 2760 981 2837 ademisset
1001 2757 1133 2841 Guajaci
1150 2761 1250 2823 medi·

218 2858 305 2937 cina,
326 2870 431 2923 tamen
456 2859 676 2940 permaximam
696 2860 767 2941 ejus
795 2863 855 2922 vim
881 2862 1049 2940 praedicare
1068 2860 1251 2925 debueram.

218 2960 371 3025 Somnum
390 2960 614 3035 meridianum,
642 2981 740 3044 quem
761 2962 886 3043 perdite
905 2961 1112 3042 appetebam,
1138 2976 1173 3026 et
1198 2962 1253 3046 oui

218 3060 262 3125 ita
276 3062 521 3153 dedituseram,
543 3072 578 3125 ut
595 3062 683 3124 nullo
703 3061 940 3124 intermitterem
959 3061 1030 3135 die,
1053 3073 1138 3127 totos
1161 3083 1252 3144 pene

217 3182 276 3249 aex
295 3163 413 3236 annos,
433 3182 506 3224 cum
525 3161 601 3224 mihi
622 3163 829 3223 acclamarent
845 3162 957 3223 medici
972 3162 1150 3226 fusennam
1173 3147 1253 3224 hanc

218 3277 292 3325 ene
315 3260 455 3322 omniunt
478 3261 552 3324 mihi
573 3262 757 3341 morborum
778 3282 918 3336 causam,
947 3282 1010 3340 ego
1031 3273 1134 3326 tamen
1152 3264 1252 3325 reira-

218 3376 297 3443 gare
320 3358 481 3422 desiderio
508 3381 575 3424 non
600 3381 738 3445 possem.
784 3362 828 3425 At
854 3382 937 3425 nune
965 3361 997 3424 in
1024 3373 1144 3425 tantuna
1175 3362 1253 3425 illud

220 3458 313 3534 abiit,
329 3469 365 3521 ut
380 3460 483 3523 eredo
495 3462 522 3525 si
541 3442 592 3525 mo
605 3462 736 3525 invitem
749 3461 841 3525 etiam
856 3461 997 3523 dormire
1013 3462 1166 3535 interdiu,
1186 3480 1253 3524 non

220 3579 360 3642 pomum.
406 3560 466 3623 His
485 3571 533 3623 tot
552 3559 710 3644 tantiaque
728 3562 893 3625 infestatus
914 3560 1018 3637 malie,
1047 3584 1120 3626 cum
1139 3563 1252 3644 despe-

219 3672 340 3724 meent
373 3682 502 3738 omnes,
532 3681 583 3725 me
602 3672 708 3725 manen
737 3662 841 3726 bonna
871 3662 969 3725 oredo
991 3684 1081 3727 meus
1112 3661 1249 3738 Geniua.

220 3762 371 3846 quiddam
387 3766 491 3827 adhue
507 3773 677 3844 expectare
696 3758 832 3844 juberet.
871 3765 956 3827 Ecce
976 3766 1016 3827 ad
1032 3761 1166 3843 Gnajaei
1182 3784 1253 3825 sne·

126 3920 128 3925 .
221 3882 349 3927 cursum
367 3864 523 3942 respirare
544 3882 639 3926 aueua
656 3884 737 3926 aum.
776 3866 879 3943 Quam
899 3866 989 3928 Deus
1008 3875 1145 3928 mentem
1161 3863 1254 3926 bonia

221 3964 367 4028 omnibus
380 3963 468 4027 indat
475 3980 488 4039 ,·
503 3984 666 4049 nimquam
679 3975 714 4028 ut
728 3985 856 4046 sperare
870 3964 1025 4028 desinant.
1051 3965 1109 4026 Me
1124 3962 1255 4047 quidem

220 4062 296 4128 nihii
322 4064 451 4147 poenitet
475 4064 560 4144 mei,
586 4074 619 4128 et
644 4064 672 4128 ai
699 4066 762 4129 hoe
781 4064 900 4146 alioqui
919 4085 1106 4128 eoncessum
1126 4062 1167 4127 sit
1186 4063 1255 4143 diu,

220 4163 412 4229 ineolumem
428 4161 521 4227 etiam
539 4164 729 4228 et·vaiidum
748 4164 906 4229 victurum
922 4184 1036 4246 magna
1054 4183 1111 4239 ape
1130 4174 1254 4229 teneor.

221 4265 273 4329 Ao
292 4265 333 4327 de
350 4242 467 4325 morito
487 4264 634 4347 (pridem,
660 4277 692 4331 et
711 4286 753 4328 ex
774 4263 918 4345 Guajaeo
935 4262 1024 4347 q'uod
1044 4274 1092 4324 est
1110 4265 1255 4325 remedio

222 4386 293 4447 quae
317 4363 529 4427 occurrebant
553 4363 684 4447 scripsi,
711 4364 830 4443 optima
856 4373 944 4433 emto
968 4363 1049 4435 fide,
1078 4372 1110 4422 et
1133 4375 1167 4425 ut
1188 4384 1257 4426 mea
