2632 5086
334 715 463 792 Febris
490 717 657 799 Secundo
679 712 868 846 ilielogus.
1043 718 1114 803 tou

526 910 688 973 Hutten.

168 1014 277 1095 Atque
296 1011 396 1095 igitur
411 1022 529 1074 tectum
547 1010 622 1073 nihil
642 1009 758 1073 hahent
775 1008 949 1074 amatores?

525 1111 552 1173 F
560 1112 683 1175 ebais.

169 1213 233 1295 Qui
253 1214 298 1276 sic
317 1226 439 1291 autent,
458 1213 534 1277 nihil
561 1212 687 1275 liabent.

518 1315 684 1376 Hutten.

170 1416 236 1478 Sno
256 1417 411 1493 maximo,
432 1430 469 1479 ut
486 1414 640 1489 arbitror,
659 1413 759 1488 malo,
787 1432 886 1496 quere
905 1414 1118 1496 periculosum

93 1525 142 1576 est
160 1516 221 1576 hoc
241 1517 357 1578 amoris
378 1536 492 1599 genus.

528 1612 687 1681 Febris.

168 1717 210 1777 Ut
231 1715 329 1791 dicis,
367 1716 443 1799 quia
468 1737 574 1799 neque
601 1728 704 1779 ornent
733 1714 917 1779 concubinae
944 1725 1117 1796 perpetuo,

92 1836 198 1897 neque
219 1827 266 1878 est
285 1816 317 1879 in
338 1817 383 1878 eie
398 1815 596 1878 conscientiae
612 1828 714 1879 metus
732 1819 829 1892 ullus,
851 1808 958 1898 itaque
971 1814 1120 1895 prroximo

94 1917 213 2000 cuique
235 1918 394 1999 produnt,
424 1939 494 1999 quac
515 1918 554 1979 ab
581 1917 648 1980 aliis
671 1918 859 1993 andierunt,
889 1916 1120 1990 scinderunt,

94 2018 177 2085 elie,
197 2018 272 2100 quia
290 2018 455 2099 proprium
481 2029 530 2080 est
551 2020 613 2081 hoc
630 2017 720 2082 sexui
739 2014 788 2082 isti
812 2017 887 2080 nihil
907 2028 1028 2092 tacere,
1054 2015 1120 2079 aliu

95 2117 128 2179 in
144 2120 274 2199 gratiam
290 2140 420 2194 eorum,
442 2118 557 2202 quibus
574 2120 731 2199 produnt,
748 2120 890 2202 qnaetlam
905 2110 1120 2191 otlio'eorum,

96 2217 210 2302 quibus
231 2220 271 2280 de
291 2220 488 2301 loquuntur,
520 2221 546 2281 si
573 2218 703 2302 quidem
723 2219 807 2282 iratae
833 2219 878 2281 eis
902 2231 996 2293 sunt,
1024 2218 1123 2304 idque

94 2320 214 2395 faciunt
232 2336 308 2387 tunc
327 2318 504 2396 levissimo,
530 2319 687 2402 siquando
709 2318 783 2400 ejici
802 2319 883 2401 ipsas
904 2316 1047 2398 contigit.

507 2421 539 2481 H
557 2442 578 2482 u
592 2430 706 2484 tten.

184 2519 268 2600 Quia
287 2519 413 2598 planum
438 2519 560 2597 fecisti,
592 2540 649 2593 cur
669 2518 789 2601 ejicere
813 2541 878 2582 uon
900 2519 1037 2582 audeant
1060 2518 1124 2595 jam

96 2617 231 2681 dubium
256 2631 404 2696 nonest,
433 2620 510 2703 quin
528 2620 703 2684 miserrime
723 2620 960 2696 conflictentur,
992 2617 1048 2702 qui
1067 2620 1125 2680 hac

97 2717 185 2781 domi
212 2719 395 2781 necessitate
420 2720 561 2782 obstricti
589 2731 756 2798 tenentur,
788 2720 851 2802 jam
873 2721 984 2785 videre
1010 2720 1124 2785 videor

99 2817 184 2881 enim
208 2817 312 2880 omnia
331 2820 439 2885 dicere
452 2840 536 2895 eos,
562 2841 598 2882 ec
612 2821 719 2885 lacere
738 2822 878 2885 mulieris
897 2841 1002 2884 causa.

521 2921 681 2985 Febris.
796 2933 799 2939 “

174 3021 215 3081 Et
233 3020 352 3083 amicos
371 3019 488 3083 habere
507 3038 543 3084 ec
562 3021 726 3096 inimicos,
746 3040 829 3105 quoe
848 3023 906 3083 ille
926 3023 1049 3083 volunt.

507 3121 541 3183 H
557 3143 580 3184 u
596 3132 611 3183 t
626 3132 639 3182 t
655 3144 673 3184 c
687 3144 720 3184 n.
783 3169 784 3172 η
1137 3184 1145 3195 ,
1186 3188 1193 3211 2

171 3222 215 3284 Et
239 3240 373 3303 magnos
387 3234 390 3240 '
404 3221 541 3303 perdere
570 3242 800 3309 nonnunquam
823 3221 965 3296 fructus,
1000 3231 1036 3282 ut
1065 3218 1126 3284 illis
1169 3202 1181 3225 ⁹

99 3321 328 3403 obsequantur.

533 3419 692 3484 Febris.

176 3520 217 3579 Et
239 3520 330 3605 sequi
350 3519 508 3586 levissima
527 3521 649 3599 omnia,
669 3520 809 3604 graviter
832 3538 927 3600 agere
945 3515 1031 3580 nihil.

506 3623 539 3685 H
554 3644 576 3686 u
594 3634 664 3686 tte
681 3641 713 3682 n.

175 3720 217 3778 Et
238 3740 307 3800 quae
334 3720 375 3782 ed
399 3722 588 3805 religionem
612 3720 790 3802 pertinent,
823 3718 1012 3782 nonfacere
1031 3716 1127 3782 unius

100 3818 191 3889 fabae.

525 3919 683 3985 Febris.

175 4020 218 4079 Et
238 4018 304 4105 sas,
334 4033 430 4106 atque
449 4022 539 4085 ucles
559 4023 678 4085 ducere
698 4020 844 4102 perinde.

510 4123 542 4184 H
556 4132 604 4186 ut
619 4133 632 4183 t
647 4142 710 4184 en.

174 4222 215 4281 Et
243 4222 447 4286 matrimonio
473 4221 535 4287 ribi
561 4224 646 4286 ultre
673 4219 850 4306 adjungere
874 4221 942 4285 illes
969 4222 1128 4284 interatum

100 4321 300 4389 concubinas.
