2632 5086
409 656 517 739 ,Triaa
544 658 708 733 Romana
731 658 919 761 Dialogus.
1096 671 1168 753 ⁴39

144 883 315 946 veramque
343 863 453 925 vidore
484 886 572 941 eum,
608 866 667 928 sed
691 867 818 943 neseio,
851 866 929 951 quid
956 866 1168 955 impedimenti

144 964 272 1038 accidit,
293 985 364 1026 cum
383 963 546 1029 interestis
565 965 651 1027 abiit.

568 1067 738 1129 Hutten.

220 1165 305 1228 Mira
325 1166 496 1241 audiisses,
525 1186 585 1227 uec
604 1186 672 1227 rem
696 1176 814 1229 tautum
835 1168 1016 1248 probasses,
1041 1171 1098 1231 ssd
1118 1169 1166 1234 iu·

144 1268 274 1348 genium
292 1266 384 1327 etiam
404 1264 538 1327 hominis
557 1264 727 1329 admiratus
745 1265 875 1343 fuisses,
903 1288 968 1351 quo
981 1268 1051 1332 illos
1066 1268 1166 1332 insec-

145 1369 268 1430 rebatur
288 1387 410 1441 mores,
430 1386 514 1428 nove
534 1364 616 1427 enim
634 1362 768 1427 iaciebat
788 1367 858 1429 boc.
1027 1362 1031 1373 “

514 1467 518 1473 ’
557 1462 758 1529 Eruboid.

224 1569 298 1650 (tuo
318 1566 416 1628 modo
435 1564 573 1645 precor?

562 1665 628 1726 Hu
641 1675 654 1724 t
667 1675 744 1727 ten.

228 1765 331 1828 Multa
349 1775 436 1839 sunt,
480 1770 604 1844 tempus
628 1763 728 1828 breve
757 1777 820 1843 est,
849 1765 978 1852 jamque
1008 1767 1048 1831 ed
1066 1765 1166 1832 aulice

144 1885 271 1946 poscor.

539 1964 755 2029 Ernboid.

216 2065 289 2127 Hoc
308 2064 395 2145 prius
414 2061 563 2125 edissere.

472 2227 474 2231 Α
566 2164 739 2228 Hutten.

216 2266 291 2326 Nou
309 2273 411 2326 vacat.

546 2363 763 2443 Ernboim

216 2465 292 2525 Non
311 2463 421 2524 vacat?
449 2462 540 2547 quasi
560 2475 594 2524 tu
613 2464 658 2525 sie
677 2466 752 2526 autu
772 2464 906 2539 servias,
935 2473 975 2525 ut
990 2462 1115 2539 assidue
1133 2462 1167 2529 id

142 2585 233 2645 agas,
260 2584 366 2643 neque
391 2582 500 2638 urnam,
536 2575 589 2624 arat
614 2566 692 2626 duas
718 2564 860 2646 quotidie
887 2566 980 2626 boras
1006 2563 1116 2626 studiis
1135 2575 1168 2627 et

140 2661 281 2725 amicitias
295 2662 484 2725 suffureris?
514 2664 574 2725 Dic
594 2683 670 2744 age,
695 2663 772 2745 quid
791 2664 875 2726 orari
894 2674 926 2724 te
946 2662 1086 2744 pateris?

480 2758 486 2771 ⁸
552 2762 618 2823 Hu
632 2773 643 2821 t
657 2772 669 2821 t
684 2783 746 2824 en.

217 2862 310 2922 'franc
328 2882 396 2923 earn
418 2872 452 2923 tu
472 2881 556 2935 rem,
588 2863 620 2921 in
641 2881 703 2943 qua
723 2879 854 2942 operam
872 2861 1047 2945 depoposci
1071 2872 1165 2941 mem,

140 2961 308 3043 diligenter
327 2961 451 3023 curabis
469 2961 628 3022 inuicem?

552 3059 750 3124 Ernhotd.
847 3131 850 3137 ,

214 3161 256 3224 Ut
275 3160 351 3223 nihil
371 3160 561 3242 diligentius.

572 3260 739 3325 Hutten.

217 3360 258 3419 Et
277 3359 353 3422 illud
372 3356 576 3441 impetrabis?
692 3408 695 3412 .

387 3528 405 3557 ·
547 3461 761 3525 Eruhold..

218 3557 251 3619 Si
270 3558 328 3621 iltis
352 3578 550 3639 persuasero.

569 3661 732 3722 ttuuen.

217 3756 261 3816 At
280 3754 449 3819 suadebis?

538 3857 760 3921 Ernhota

215 3956 402 4031 Rhetorice3
449 3959 506 4023 sod
536 3970 571 4020 tu
598 3961 674 4033 hoe,
709 3956 884 4041 quodiam
912 3977 997 4039 :ogre
1028 3957 1165 4039 impertis.

140 4065 282 4136 tempus,
302 4057 492 4139 paoiseendo
511 4059 662 4121 inutiliter
681 4057 807 4140 perdis;
826 4055 1003 4139 dirigitur.

565 4160 729 4220 liutten.

214 4253 259 4316 At
280 4275 348 4318 non
365 4254 473 4320 omnis
490 4256 628 4321 memini.
