2632 5086
578 689 754 787 Emma
1135 707 1177 775 31

149 882 316 967 aliquando
333 900 425 947 anno
443 883 524 947 male
536 884 701 966 provenit,
721 895 756 949 ut
772 885 806 949 in
825 887 877 951 illa
895 889 1057 954 sterilitate
1078 892 1177 974 pluri·

150 1005 260 1060 mum,
300 985 384 1048 mira
417 1001 563 1068 egestas,
601 986 680 1049 mira
718 990 907 1070 pauperies,
948 1002 983 1053 ut
1013 1012 1177 1075 nunquam
1306 1060 1309 1067 ,

150 1085 298 1161 nonsit,
334 1086 430 1169 quod
461 1099 611 1163 moveat,
653 1088 742 1171 quod
773 1090 903 1164 turbet,
946 1092 1036 1174 quod
1064 1103 1175 1173 angat,
1226 1136 1238 1173 ὁ
1307 1104 1310 1109 ’

152 1187 239 1270 quod
253 1198 415 1263 maceret,
445 1188 535 1270 quod
553 1189 716 1266 conficiat,
744 1192 834 1273 quod
854 1203 983 1267 evocet,
1011 1193 1102 1274 quod
1119 1213 1176 1255 ex·
1257 1270 1263 1289 Ι

151 1291 244 1351 trdut
267 1309 311 1350 ac
338 1290 495 1351 extradat.
539 1288 577 1350 In
608 1311 702 1371 quam
717 1289 748 1365 *)
775 1310 826 1351 me
853 1290 966 1368 vitam,
1001 1302 1034 1355 ut
1064 1291 1176 1355 studiis

148 1389 290 1470 diguam
315 1388 357 1450 ab
377 1388 494 1464 aulica,
523 1400 558 1450 ut
579 1389 793 1472 indignissima
810 1410 963 1466 revocas3
996 1392 1106 1477 ibique
1124 1399 1175 1456 me

148 1493 289 1552 comutto
314 1510 351 1551 ac
371 1489 555 1571 proposito,
583 1502 741 1573 tamquam
762 1492 797 1553 in
814 1503 922 1573 optato
945 1494 1085 1576 quodam
1104 1492 1176 1557 vitae

144 1604 237 1672 portu
257 1594 403 1654 collocas
423 1613 459 1654 ac
476 1593 623 1672 reponis,
650 1605 747 1674 teque
762 1603 869 1672 putas,
897 1615 993 1674 quum
1007 1595 1068 1655 hoc
1082 1592 1176 1668 facis,

141 1693 172 1754 in
186 1692 338 1776 quietem
354 1713 405 1754 me
423 1712 459 1754 ac
474 1694 675 1776 tranquillum
694 1694 860 1768 atlserere3
881 1703 935 1756 aut
951 1692 977 1754 ei
991 1715 1057 1754 non
1073 1707 1176 1773 putee,
1246 1704 1279 1779 Q·

140 1815 204 1877 qua
226 1795 344 1856 saltem
367 1807 474 1857 mente
492 1796 642 1870 suadeas,
674 1794 708 1855 id
730 1814 780 1855 me
798 1795 891 1855 celas.
935 1794 1015 1854 Nam
1036 1804 1176 1876 tuaque

141 1895 273 1958 interim
293 1895 437 1957 conditio
463 1895 518 1970 sit,
550 1907 581 1957 et
600 1918 676 1958 mere
698 1895 864 1978 quomodo
881 1894 1023 1956 conferri
1043 1896 1175 1972 debeat,

139 2009 370 2080 quantumque
390 2007 446 2057 tua
467 1997 531 2058 vita
559 1997 597 2057 ab
622 1996 669 2059 his
697 1997 834 2059 motibus
859 1995 976 2070 libera,
1008 1998 1236 2101 ειιίνειειιιίῌ-ς·Ι

139 2098 195 2160 bas
219 2108 441 2178 tempestates,
467 2100 524 2161 hos
541 2100 708 2174 tumultus,
729 2097 848 2159 munita
868 2096 962 2158 sitae
982 2106 1063 2170 tuta,
1098 2092 1187 2180 quid'
1220 2112 1224 2119 '

139 2199 248 2262 refert
274 2197 437 2273 scribere,
477 2220 577 2281 quum
603 2219 669 2260 non
700 2200 900 2280 propositum
927 2198 966 2258 sit
997 2210 1029 2259 te
1057 2199 1177 2262 docere

142 2321 216 2384 qut
242 2299 348 2374 nosti,
375 2300 432 2362 sed
453 2300 618 2362 enuntiare
637 2321 691 2374 ea,
727 2322 796 2383 quae
820 2320 871 2360 mc
897 2299 1047 2380 ignorare
1069 2298 1179 2361 existi·

144 2399 265 2463 maeri?
286 2400 392 2462 Etiam
407 2399 497 2473 satis,
519 2400 652 2481 opinor,
672 2401 728 2462 tibi
750 2399 892 2474 ostendi,
913 2419 1007 2481 quam
1025 2417 1076 2460 me
1094 2399 1179 2460 nulla

150 2522 273 2564 morum
305 2501 531 2575 inconstantia,
573 2504 693 2563 nultum
731 2500 900 2582 voluptatis
936 2498 1080 2573 illicium,
1124 2507 1180 2563 aut

144 2623 257 2666 rerum
289 2622 448 2664 novarum
477 2601 616 2664 sordium
646 2604 684 2665 ad
713 2605 814 2664 auiam
846 2599 978 2675 invitet,
1019 2599 1077 2662 sed
1108 2618 1177 2682 quae

144 2703 319 2766 necessitas
347 2712 457 2784 cogat:
488 2713 524 2765 ut
540 2703 643 2764 minus
668 2701 743 2764 nihil
769 2703 901 2778 debeas,
932 2721 1027 2783 quam
1045 2698 1178 2762 aulicam

150 2823 292 2879 naseam,
322 2804 358 2865 in
378 2824 442 2886 qua
464 2825 514 2866 me
533 2802 667 2865 detineri
693 2815 819 2884 captum
842 2803 943 2876 dicas,
978 2811 1031 2864 aut
1053 2802 1180 2865 hamum
1278 2804 1281 2809 ’

149 2903 240 2966 idum
256 2905 419 2978 curialem,
441 2924 537 2986 quem
553 2905 741 2965 devoratum
758 2904 832 2965 mihi
852 2904 1003 2983 imputes,
1025 2898 1178 2980 objicere.

146 3008 293 3071 Primum
318 3006 404 3068 enim
428 3007 548 3068 nulium
577 3005 730 3066 devoravi
757 3006 898 3076 hanmm3
929 3002 986 3064 sed
1015 3001 1053 3061 ab
1085 3000 1178 3061 hamo

144 3130 256 3174 escam
281 3110 436 3190 decerpo,
476 3120 507 3168 et
534 3119 625 3169 caute
660 3125 840 3188 quanquam
870 3102 938 3164 sine
966 3099 1108 3183 periculo
1128 3098 1179 3177 *Ἷ

143 3212 293 3294 citraque
320 3207 488 3272 discrimen
523 3204 736 3269 circumrodo.
793 3203 919 3268 Deinde
952 3202 1035 3264 illam
1073 3199 1179 3260 iateor

143 3332 273 3379 nesam
292 3309 447 3385 inhabito,
474 3309 532 3371 sed
548 3307 737 3390 egrediundi
756 3318 877 3381 certus,
905 3306 1070 3385 explorato
1089 3296 1178 3379 prius
1231 3332 1259 3385 ὁ,

141 3414 275 3487 reditu,
302 3420 334 3474 et
352 3432 370 3471 a
389 3409 517 3473 Dedalo
537 3420 665 3490 accepta
681 3405 947 3479 commonitione,
979 3401 1095 3464 abhoc
1114 3399 1178 3459 La·

144 3516 300 3596 byrintho
332 3513 461 3596 regredi
498 3510 662 3594 quomodo
695 3517 852 3589 oporteat.
908 3503 1052 3567 Proinde
1087 3500 1176 3562 bono

145 3618 255 3682 animo
281 3625 361 3678 este.
406 3614 543 3676 Securus
571 3631 660 3686 sum,
698 3622 729 3671 et
757 3608 833 3671 mihi
861 3616 985 3668 consto.
1036 3603 1104 3664 Nec
1129 3605 1178 3661 eet

148 3718 296 3793 ambitio,
325 3738 395 3799 que
410 3734 461 3778 me
477 3713 645 3794 pervertit,
674 3712 731 3772 sed
753 3712 884 3771 honesta
901 3704 1000 3779 ratio,
1029 3724 1099 3784 quae
1118 3717 1177 3777 per

144 3818 274 3886 debitos
304 3815 380 3880 mihi
409 3819 568 3879 honorum
595 3811 748 3875 decursus
774 3807 871 3870 ducit.
921 3807 991 3868 Jam
1013 3804 1075 3864 hoc
1102 3793 1177 3861 mihi

148 3941 267 3985 nomen
296 3918 450 3981 tuendum
475 3926 539 3991 est,
586 3911 804 3975 conservanda
829 3905 983 3990 dignitas,
1025 3897 1177 3984 aequanda

146 4018 307 4104 majorum
322 4017 492 4095 industria,
510 4014 655 4098 augenda
670 4011 813 4086 familiae,
838 4029 933 4093 quam
947 3999 1024 4069 mihi
1042 3999 1177 4085 gentiles
1246 4040 1268 4081 ··.·

149 4163 350 4185 *ια-
1234 4132 1282 4161 ι’.

1237 4190 1241 4203 Ι

182 4254 512 4323 ⁹)1aeuem.·Atquein
530 4254 598 4304 turre.
635 4244 681 4314 ⁴⁴)
699 4260 837 4314 quanquam
855 4244 1052 4300 sternuente:
1071 4253 1100 4289 ee
1117 4236 1176 4286 eitra
1234 4220 1238 4227 ⁵

185 4347 324 4406 renerum.

149 4462 382 4526 nmmmm
776 4420 801 4533 f
