<?xml version="1.0" encoding="UTF-8"?>
<!DOCTYPE html PUBLIC "-//W3C//DTD XHTML 1.0 Transitional//EN"
    "http://www.w3.org/TR/xhtml1/DTD/xhtml1-transitional.dtd">
<html xmlns="http://www.w3.org/1999/xhtml" xml:lang="en" lang="en">
 <head>
  <title>
</title>
<meta http-equiv="Content-Type" content="text/html;charset=utf-8" />
  <meta name='ocr-system' content='tesseract 3.04.00' />
  <meta name='ocr-capabilities' content='ocr_page ocr_carea ocr_par ocr_line ocrx_word'/>
</head>
<body>
  <div class='ocr_page' id='page_1' title='image "./ulrichiabhutten02mngoog_0171.png"; bbox 0 0 2632 5086; ppageno 0'>
   <div class='ocr_carea' id='block_1_1' title="bbox 288 380 303 403">
    <p class='ocr_par' dir='ltr' id='par_1_1' title="bbox 288 380 303 403">
     <span class='ocr_line' id='line_1_1' title="bbox 288 380 303 403; baseline 0 0"><span class='ocrx_word' id='word_1_1' title='bbox 288 380 303 403; x_wconf 59' lang='grc' dir='ltr'>ἱ</span> 
     </span>
    </p>
   </div>
   <div class='ocr_carea' id='block_1_2' title="bbox 314 690 1170 795">
    <p class='ocr_par' dir='ltr' id='par_1_2' title="bbox 314 690 1170 795">
     <span class='ocr_line' id='line_1_2' title="bbox 314 690 1170 795; baseline 0.019 -28"><span class='ocrx_word' id='word_1_2' title='bbox 314 693 359 767; x_wconf 89' lang='lat' dir='ltr'><strong>ln</strong></span> <span class='ocrx_word' id='word_1_3' title='bbox 385 690 462 771; x_wconf 84' lang='lat' dir='ltr'><strong>lllr.</strong></span> <span class='ocrx_word' id='word_1_4' title='bbox 487 695 684 769; x_wconf 85' lang='lat' dir='ltr'><strong>Wiirtenb.</strong></span> <span class='ocrx_word' id='word_1_5' title='bbox 711 694 842 771; x_wconf 77' lang='lat' dir='ltr'>Oratio</span> <span class='ocrx_word' id='word_1_6' title='bbox 866 699 1004 795; x_wconf 86' lang='lat' dir='ltr'><strong>quinte.</strong></span> <span class='ocrx_word' id='word_1_7' title='bbox 1107 711 1170 783; x_wconf 74' lang='lat' dir='ltr'><strong>tul</strong></span> 
     </span>
    </p>
   </div>
   <div class='ocr_carea' id='block_1_3' title="bbox 139 885 1173 2483">
    <p class='ocr_par' dir='ltr' id='par_1_3' title="bbox 139 885 1173 2483">
     <span class='ocr_line' id='line_1_3' title="bbox 143 885 1172 977; baseline 0.01 -25"><span class='ocrx_word' id='word_1_8' title='bbox 143 899 177 952; x_wconf 86' lang='lat' dir='ltr'><strong>et</strong></span> <span class='ocrx_word' id='word_1_9' title='bbox 195 886 404 951; x_wconf 71' lang='lat' dir='ltr'><strong>oscitantibru</strong></span> <span class='ocrx_word' id='word_1_10' title='bbox 428 887 587 968; x_wconf 81' lang='lat' dir='ltr'><strong>suppetias</strong></span> <span class='ocrx_word' id='word_1_11' title='bbox 606 885 738 949; x_wconf 88' lang='lat' dir='ltr'><strong>tulisset.</strong></span> <span class='ocrx_word' id='word_1_12' title='bbox 777 888 874 953; x_wconf 78' lang='lat' dir='ltr'><strong>Juvat</strong></span> <span class='ocrx_word' id='word_1_13' title='bbox 898 890 981 955; x_wconf 84' lang='lat' dir='ltr'><strong>onim</strong></span> <span class='ocrx_word' id='word_1_14' title='bbox 1003 909 1172 977; x_wconf 76' lang='lat' dir='ltr'><strong>eonsules,</strong></span> 
     </span>
     <span class='ocr_line' id='line_1_4' title="bbox 147 986 1168 1075; baseline 0.011 -24"><span class='ocrx_word' id='word_1_15' title='bbox 147 1002 182 1052; x_wconf 88' lang='lat' dir='ltr'><strong>et</strong></span> <span class='ocrx_word' id='word_1_16' title='bbox 200 987 404 1070; x_wconf 74' lang='lat' dir='ltr'><strong>operantibus</strong></span> <span class='ocrx_word' id='word_1_17' title='bbox 424 987 545 1050; x_wconf 80' lang='lat' dir='ltr'><strong>auxilio</strong></span> <span class='ocrx_word' id='word_1_18' title='bbox 571 996 628 1049; x_wconf 85' lang='lat' dir='ltr'><strong>est.</strong></span> <span class='ocrx_word' id='word_1_19' title='bbox 666 986 751 1049; x_wconf 87' lang='lat' dir='ltr'><strong>Nihil</strong></span> <span class='ocrx_word' id='word_1_20' title='bbox 775 989 986 1055; x_wconf 80' lang='lat' dir='ltr'><strong>desidentium</strong></span> <span class='ocrx_word' id='word_1_21' title='bbox 1011 995 1168 1075; x_wconf 81' lang='lat' dir='ltr'><strong>ploratus,</strong></span> 
     </span>
     <span class='ocr_line' id='line_1_5' title="bbox 144 1086 1169 1170; baseline 0.008 -16"><span class='ocrx_word' id='word_1_22' title='bbox 144 1091 223 1154; x_wconf 86' lang='lat' dir='ltr'><strong>nibil</strong></span> <span class='ocrx_word' id='word_1_23' title='bbox 240 1090 352 1169; x_wconf 82' lang='lat' dir='ltr'><strong>supine</strong></span> <span class='ocrx_word' id='word_1_24' title='bbox 371 1086 541 1167; x_wconf 78' lang='lat' dir='ltr'><strong>jacentium</strong></span> <span class='ocrx_word' id='word_1_25' title='bbox 559 1099 701 1150; x_wconf 84' lang='lat' dir='ltr'><strong>moretur</strong></span> <span class='ocrx_word' id='word_1_26' title='bbox 719 1089 864 1170; x_wconf 77' lang='lat' dir='ltr'><strong>gemitus.</strong></span> <span class='ocrx_word' id='word_1_27' title='bbox 902 1088 1064 1159; x_wconf 82' lang='lat' dir='ltr'><strong>Sedulituti</strong></span> <span class='ocrx_word' id='word_1_28' title='bbox 1083 1097 1169 1162; x_wconf 83' lang='lat' dir='ltr'><strong>luvet</strong></span> 
     </span>
     <span class='ocr_line' id='line_1_6' title="bbox 147 1187 1169 1268; baseline 0.014 -18"><span class='ocrx_word' id='word_1_29' title='bbox 147 1201 180 1250; x_wconf 82' lang='lat' dir='ltr'><strong>et</strong></span> <span class='ocrx_word' id='word_1_30' title='bbox 199 1201 305 1251; x_wconf 79' lang='lat' dir='ltr'><strong>euntes</strong></span> <span class='ocrx_word' id='word_1_31' title='bbox 318 1189 503 1261; x_wconf 81' lang='lat' dir='ltr'><strong>eoruitntnr,</strong></span> <span class='ocrx_word' id='word_1_32' title='bbox 524 1208 561 1248; x_wconf 80' lang='lat' dir='ltr'><strong>oe</strong></span> <span class='ocrx_word' id='word_1_33' title='bbox 574 1187 742 1266; x_wconf 69' lang='lat' dir='ltr'><strong>egentibus</strong></span> <span class='ocrx_word' id='word_1_34' title='bbox 757 1201 871 1268; x_wconf 79' lang='lat' dir='ltr'><strong>presto</strong></span> <span class='ocrx_word' id='word_1_35' title='bbox 890 1205 948 1255; x_wconf 87' lang='lat' dir='ltr'><strong>est.</strong></span> <span class='ocrx_word' id='word_1_36' title='bbox 990 1196 1064 1259; x_wconf 79' lang='lat' dir='ltr'><strong>Vim</strong></span> <span class='ocrx_word' id='word_1_37' title='bbox 1082 1199 1169 1263; x_wconf 77' lang='lat' dir='ltr'><strong>lassis</strong></span> 
     </span>
     <span class='ocr_line' id='line_1_7' title="bbox 147 1290 1170 1369; baseline 0.009 -17"><span class='ocrx_word' id='word_1_38' title='bbox 147 1290 271 1364; x_wconf 84' lang='lat' dir='ltr'><strong>incutit,</strong></span> <span class='ocrx_word' id='word_1_39' title='bbox 295 1300 494 1351; x_wconf 83' lang='lat' dir='ltr'><strong>cessaturum</strong></span> <span class='ocrx_word' id='word_1_40' title='bbox 519 1306 610 1369; x_wconf 76' lang='lat' dir='ltr'><strong>spem</strong></span> <span class='ocrx_word' id='word_1_41' title='bbox 629 1290 661 1349; x_wconf 89' lang='lat' dir='ltr'><strong>iu</strong></span> <span class='ocrx_word' id='word_1_42' title='bbox 687 1309 721 1350; x_wconf 89' lang='lat' dir='ltr'><strong>se</strong></span> <span class='ocrx_word' id='word_1_43' title='bbox 742 1311 866 1353; x_wconf 87' lang='lat' dir='ltr'><strong>omnem</strong></span> <span class='ocrx_word' id='word_1_44' title='bbox 887 1293 1067 1360; x_wconf 73' lang='lat' dir='ltr'><strong>frustratur.</strong></span> <span class='ocrx_word' id='word_1_45' title='bbox 1107 1301 1170 1361; x_wconf 86' lang='lat' dir='ltr'><strong>Te-</strong></span> 
     </span>
     <span class='ocr_line' id='line_1_8' title="bbox 145 1387 1168 1480; baseline 0.009 -27"><span class='ocrx_word' id='word_1_46' title='bbox 145 1412 230 1453; x_wconf 80' lang='lat' dir='ltr'><strong>mere</strong></span> <span class='ocrx_word' id='word_1_47' title='bbox 247 1390 305 1473; x_wconf 87' lang='lat' dir='ltr'><strong>qui</strong></span> <span class='ocrx_word' id='word_1_48' title='bbox 334 1389 454 1463; x_wconf 88' lang='lat' dir='ltr'><strong>stertit,</strong></span> <span class='ocrx_word' id='word_1_49' title='bbox 482 1390 590 1452; x_wconf 75' lang='lat' dir='ltr'><strong>Deum</strong></span> <span class='ocrx_word' id='word_1_50' title='bbox 611 1387 738 1459; x_wconf 75' lang='lat' dir='ltr'><strong>interim</strong></span> <span class='ocrx_word' id='word_1_51' title='bbox 762 1390 906 1455; x_wconf 80' lang='lat' dir='ltr'><strong>advocat.</strong></span> <span class='ocrx_word' id='word_1_52' title='bbox 923 1450 927 1457; x_wconf 92' lang='grc'><em>,</em></span> <span class='ocrx_word' id='word_1_53' title='bbox 944 1397 1119 1480; x_wconf 82' lang='lat' dir='ltr'><strong>Vigilautes</strong></span> <span class='ocrx_word' id='word_1_54' title='bbox 1138 1404 1168 1476; x_wconf 66' lang='lat'><strong>²⁸)</strong></span> 
     </span>
     <span class='ocr_line' id='line_1_9' title="bbox 143 1488 1171 1576; baseline 0.013 -24"><span class='ocrx_word' id='word_1_55' title='bbox 143 1491 273 1553; x_wconf 75' lang='lat' dir='ltr'><strong>exaudit</strong></span> <span class='ocrx_word' id='word_1_56' title='bbox 293 1489 395 1564; x_wconf 87' lang='lat' dir='ltr'><strong>euim,</strong></span> <span class='ocrx_word' id='word_1_57' title='bbox 424 1501 456 1552; x_wconf 87' lang='lat' dir='ltr'><strong>et</strong></span> <span class='ocrx_word' id='word_1_58' title='bbox 476 1488 532 1570; x_wconf 88' lang='lat' dir='ltr'><strong>qui</strong></span> <span class='ocrx_word' id='word_1_59' title='bbox 551 1489 700 1564; x_wconf 75' lang='lat' dir='ltr'><strong>student,</strong></span> <span class='ocrx_word' id='word_1_60' title='bbox 731 1489 778 1554; x_wconf 87' lang='lat' dir='ltr'><strong>his</strong></span> <span class='ocrx_word' id='word_1_61' title='bbox 799 1512 894 1571; x_wconf 82' lang='lat' dir='ltr'><strong>opem</strong></span> <span class='ocrx_word' id='word_1_62' title='bbox 914 1494 1052 1576; x_wconf 85' lang='lat' dir='ltr'><strong>impertit</strong></span> <span class='ocrx_word' id='word_1_63' title='bbox 1071 1522 1171 1564; x_wconf 84' lang='lat' dir='ltr'><strong>suem.</strong></span> 
     </span>
     <span class='ocr_line' id='line_1_10' title="bbox 143 1584 1170 1675; baseline 0.014 -23"><span class='ocrx_word' id='word_1_64' title='bbox 143 1584 285 1675; x_wconf 55' lang='lat' dir='ltr'><strong>Neglifssit</strong></span> <span class='ocrx_word' id='word_1_65' title='bbox 325 1590 472 1666; x_wconf 87' lang='lat' dir='ltr'><strong>otiosos,</strong></span> <span class='ocrx_word' id='word_1_66' title='bbox 512 1588 697 1651; x_wconf 83' lang='lat' dir='ltr'><strong>industrium</strong></span> <span class='ocrx_word' id='word_1_67' title='bbox 729 1606 919 1671; x_wconf 82' lang='lat' dir='ltr'><strong>promovet,</strong></span> <span class='ocrx_word' id='word_1_68' title='bbox 957 1599 1170 1665; x_wconf 79' lang='lat' dir='ltr'><strong>assiduitatem</strong></span> 
     </span>
     <span class='ocr_line' id='line_1_11' title="bbox 140 1690 1171 1783; baseline 0.013 -29"><span class='ocrx_word' id='word_1_69' title='bbox 140 1697 332 1759; x_wconf 82' lang='lat' dir='ltr'><strong>coulirmot.</strong></span> <span class='ocrx_word' id='word_1_70' title='bbox 359 1690 493 1771; x_wconf 78' lang='lat' dir='ltr'><strong>segnitie</strong></span> <span class='ocrx_word' id='word_1_71' title='bbox 512 1701 674 1770; x_wconf 82' lang='lat' dir='ltr'><strong>torpentes</strong></span> <span class='ocrx_word' id='word_1_72' title='bbox 694 1690 726 1753; x_wconf 88' lang='lat' dir='ltr'><strong>in</strong></span> <span class='ocrx_word' id='word_1_73' title='bbox 746 1703 847 1756; x_wconf 89' lang='lat' dir='ltr'><strong>totum</strong></span> <span class='ocrx_word' id='word_1_74' title='bbox 865 1697 1017 1759; x_wconf 87' lang='lat' dir='ltr'><strong>destituit.</strong></span> <span class='ocrx_word' id='word_1_75' title='bbox 1055 1702 1171 1783; x_wconf 84' lang='lat' dir='ltr'><strong>Propi·</strong></span> 
     </span>
     <span class='ocr_line' id='line_1_12' title="bbox 140 1791 1170 1884; baseline 0.011 -29"><span class='ocrx_word' id='word_1_76' title='bbox 140 1796 201 1855; x_wconf 88' lang='lat' dir='ltr'><strong>tius</strong></span> <span class='ocrx_word' id='word_1_77' title='bbox 223 1804 274 1855; x_wconf 87' lang='lat' dir='ltr'><strong>est</strong></span> <span class='ocrx_word' id='word_1_78' title='bbox 299 1792 483 1867; x_wconf 82' lang='lat' dir='ltr'><strong>orantibus,</strong></span> <span class='ocrx_word' id='word_1_79' title='bbox 509 1792 652 1855; x_wconf 85' lang='lat' dir='ltr'><strong>sednon</strong></span> <span class='ocrx_word' id='word_1_80' title='bbox 672 1791 726 1865; x_wconf 91' lang='lat' dir='ltr'><strong>iis,</strong></span> <span class='ocrx_word' id='word_1_81' title='bbox 753 1794 810 1876; x_wconf 90' lang='lat' dir='ltr'><strong>qui</strong></span> <span class='ocrx_word' id='word_1_82' title='bbox 827 1797 889 1857; x_wconf 89' lang='lat' dir='ltr'><strong>hoe</strong></span> <span class='ocrx_word' id='word_1_83' title='bbox 915 1809 1033 1861; x_wconf 78' lang='lat' dir='ltr'><strong>tantum</strong></span> <span class='ocrx_word' id='word_1_84' title='bbox 1053 1815 1170 1884; x_wconf 79' lang='lat' dir='ltr'><strong>agunt,</strong></span> 
     </span>
     <span class='ocr_line' id='line_1_13' title="bbox 141 1890 1172 1985; baseline 0.008 -26"><span class='ocrx_word' id='word_1_85' title='bbox 141 1897 202 1960; x_wconf 87' lang='lat' dir='ltr'><strong>uisi</strong></span> <span class='ocrx_word' id='word_1_86' title='bbox 222 1905 375 1973; x_wconf 84' lang='lat' dir='ltr'><strong>etopus,</strong></span> <span class='ocrx_word' id='word_1_87' title='bbox 406 1893 438 1955; x_wconf 89' lang='lat' dir='ltr'><strong>in</strong></span> <span class='ocrx_word' id='word_1_88' title='bbox 464 1915 529 1976; x_wconf 89' lang='lat' dir='ltr'><strong>quo</strong></span> <span class='ocrx_word' id='word_1_89' title='bbox 550 1915 584 1954; x_wconf 90' lang='lat' dir='ltr'><strong>se</strong></span> <span class='ocrx_word' id='word_1_90' title='bbox 604 1890 738 1971; x_wconf 74' lang='lat' dir='ltr'><strong>adjuturi</strong></span> <span class='ocrx_word' id='word_1_91' title='bbox 759 1897 884 1970; x_wconf 88' lang='lat' dir='ltr'><strong>volunt,</strong></span> <span class='ocrx_word' id='word_1_92' title='bbox 913 1897 1038 1963; x_wconf 82' lang='lat' dir='ltr'><strong>iuterim</strong></span> <span class='ocrx_word' id='word_1_93' title='bbox 1057 1922 1172 1985; x_wconf 78' lang='lat' dir='ltr'><strong>aggre-</strong></span> 
     </span>
     <span class='ocr_line' id='line_1_14' title="bbox 139 1991 1172 2083; baseline 0.005 -22"><span class='ocrx_word' id='word_1_94' title='bbox 139 2000 282 2061; x_wconf 77' lang='lat' dir='ltr'><strong>diantur.</strong></span> <span class='ocrx_word' id='word_1_95' title='bbox 320 1991 405 2074; x_wconf 78' lang='lat' dir='ltr'><strong>Quin</strong></span> <span class='ocrx_word' id='word_1_96' title='bbox 433 1993 525 2056; x_wconf 82' lang='lat' dir='ltr'><strong>etiam</strong></span> <span class='ocrx_word' id='word_1_97' title='bbox 547 1993 590 2055; x_wconf 84' lang='lat' dir='ltr'><strong>ita</strong></span> <span class='ocrx_word' id='word_1_98' title='bbox 609 1995 803 2074; x_wconf 79' lang='lat' dir='ltr'><strong>comparavit</strong></span> <span class='ocrx_word' id='word_1_99' title='bbox 821 2017 873 2061; x_wconf 85' lang='lat' dir='ltr'><strong>res</strong></span> <span class='ocrx_word' id='word_1_100' title='bbox 893 1998 1040 2062; x_wconf 78' lang='lat' dir='ltr'><strong>humanas</strong></span> <span class='ocrx_word' id='word_1_101' title='bbox 1059 2025 1172 2083; x_wconf 83' lang='lat' dir='ltr'><strong>super·</strong></span> 
     </span>
     <span class='ocr_line' id='line_1_15' title="bbox 141 2094 1169 2176; baseline 0.008 -14"><span class='ocrx_word' id='word_1_102' title='bbox 141 2122 201 2162; x_wconf 85' lang='lat' dir='ltr'><strong>nus</strong></span> <span class='ocrx_word' id='word_1_103' title='bbox 232 2099 287 2160; x_wconf 90' lang='lat' dir='ltr'><strong>ille</strong></span> <span class='ocrx_word' id='word_1_104' title='bbox 323 2094 494 2169; x_wconf 84' lang='lat' dir='ltr'><strong>eonditor,</strong></span> <span class='ocrx_word' id='word_1_105' title='bbox 538 2104 572 2155; x_wconf 95' lang='lat' dir='ltr'><strong>ut</strong></span> <span class='ocrx_word' id='word_1_106' title='bbox 606 2094 684 2154; x_wconf 79' lang='lat' dir='ltr'><strong>eitra</strong></span> <span class='ocrx_word' id='word_1_107' title='bbox 712 2096 876 2176; x_wconf 77' lang='lat' dir='ltr'><strong>negotium</strong></span> <span class='ocrx_word' id='word_1_108' title='bbox 906 2099 982 2161; x_wconf 88' lang='lat' dir='ltr'><strong>nihil</strong></span> <span class='ocrx_word' id='word_1_109' title='bbox 1014 2102 1169 2169; x_wconf 75' lang='lat' dir='ltr'><strong>obvenire</strong></span> 
     </span>
     <span class='ocr_line' id='line_1_16' title="bbox 142 2194 1171 2283; baseline 0.003 -18"><span class='ocrx_word' id='word_1_110' title='bbox 142 2197 329 2265; x_wconf 75' lang='lat' dir='ltr'><strong>mortalibus</strong></span> <span class='ocrx_word' id='word_1_111' title='bbox 349 2195 434 2257; x_wconf 82' lang='lat' dir='ltr'><strong>velit.</strong></span> <span class='ocrx_word' id='word_1_112' title='bbox 483 2194 597 2257; x_wconf 83' lang='lat' dir='ltr'><strong>Omnia</strong></span> <span class='ocrx_word' id='word_1_113' title='bbox 617 2195 752 2271; x_wconf 82' lang='lat' dir='ltr'><strong>sudore,</strong></span> <span class='ocrx_word' id='word_1_114' title='bbox 780 2197 889 2259; x_wconf 81' lang='lat' dir='ltr'><strong>labore</strong></span> <span class='ocrx_word' id='word_1_115' title='bbox 910 2201 1015 2263; x_wconf 82' lang='lat' dir='ltr'><strong>omnis</strong></span> <span class='ocrx_word' id='word_1_116' title='bbox 1034 2207 1171 2283; x_wconf 77' lang='lat' dir='ltr'><strong>peranda</strong></span> 
     </span>
     <span class='ocr_line' id='line_1_17' title="bbox 142 2293 1173 2379; baseline 0.005 -14"><span class='ocrx_word' id='word_1_117' title='bbox 142 2301 240 2368; x_wconf 80' lang='lat' dir='ltr'><strong>dedit.</strong></span> <span class='ocrx_word' id='word_1_118' title='bbox 280 2299 382 2362; x_wconf 78' lang='lat' dir='ltr'><strong>Stulte</strong></span> <span class='ocrx_word' id='word_1_119' title='bbox 411 2305 515 2373; x_wconf 78' lang='lat' dir='ltr'><strong>suerat</strong></span> <span class='ocrx_word' id='word_1_120' title='bbox 539 2293 672 2376; x_wconf 79' lang='lat' dir='ltr'><strong>uliquis,</strong></span> <span class='ocrx_word' id='word_1_121' title='bbox 702 2296 806 2358; x_wconf 87' lang='lat' dir='ltr'><strong>Deum</strong></span> <span class='ocrx_word' id='word_1_122' title='bbox 833 2296 930 2379; x_wconf 80' lang='lat' dir='ltr'><strong>igitur</strong></span> <span class='ocrx_word' id='word_1_123' title='bbox 949 2301 1173 2369; x_wconf 76' lang='lat' dir='ltr'><strong>confecturum</strong></span> 
     </span>
     <span class='ocr_line' id='line_1_18' title="bbox 143 2394 1172 2483; baseline 0.001 -17"><span class='ocrx_word' id='word_1_124' title='bbox 143 2401 206 2466; x_wconf 88' lang='lat' dir='ltr'><strong>sibi</strong></span> <span class='ocrx_word' id='word_1_125' title='bbox 222 2401 262 2465; x_wconf 82' lang='lat' dir='ltr'><strong>sd</strong></span> <span class='ocrx_word' id='word_1_126' title='bbox 285 2396 375 2483; x_wconf 85' lang='lat' dir='ltr'><strong>quod</strong></span> <span class='ocrx_word' id='word_1_127' title='bbox 402 2395 561 2476; x_wconf 78' lang='lat' dir='ltr'><strong>propriam</strong></span> <span class='ocrx_word' id='word_1_128' title='bbox 581 2394 649 2474; x_wconf 88' lang='lat' dir='ltr'><strong>ipse</strong></span> <span class='ocrx_word' id='word_1_129' title='bbox 668 2416 734 2456; x_wconf 89' lang='lat' dir='ltr'><strong>uon</strong></span> <span class='ocrx_word' id='word_1_130' title='bbox 754 2397 890 2459; x_wconf 80' lang='lat' dir='ltr'><strong>advertit</strong></span> <span class='ocrx_word' id='word_1_131' title='bbox 911 2421 1060 2479; x_wconf 83' lang='lat' dir='ltr'><strong>opernm..</strong></span> <span class='ocrx_word' id='word_1_132' title='bbox 1092 2405 1172 2467; x_wconf 85' lang='lat' dir='ltr'><strong>Nem</strong></span> 
     </span>
    </p>
   </div>
   <div class='ocr_carea' id='block_1_4' title="bbox 1220 1066 1233 1101">
    <p class='ocr_par' dir='ltr' id='par_1_4' title="bbox 1220 1066 1233 1101">
     <span class='ocr_line' id='line_1_19' title="bbox 1220 1066 1233 1101; baseline 0 0"><span class='ocrx_word' id='word_1_133' title='bbox 1220 1066 1233 1101; x_wconf 67' lang='lat' dir='ltr'><strong>d</strong></span> 
     </span>
    </p>
   </div>
   <div class='ocr_carea' id='block_1_5' title="bbox 139 2498 1274 4087">
    <p class='ocr_par' dir='ltr' id='par_1_5' title="bbox 139 2498 1274 4087">
     <span class='ocr_line' id='line_1_20' title="bbox 145 2498 1172 2581; baseline 0.004 -18"><span class='ocrx_word' id='word_1_134' title='bbox 145 2502 256 2577; x_wconf 76' lang='lat' dir='ltr'><strong>neus,</strong></span> <span class='ocrx_word' id='word_1_135' title='bbox 289 2511 325 2561; x_wconf 89' lang='lat' dir='ltr'><strong>ut</strong></span> <span class='ocrx_word' id='word_1_136' title='bbox 353 2500 429 2561; x_wconf 77' lang='lat' dir='ltr'><strong>citra</strong></span> <span class='ocrx_word' id='word_1_137' title='bbox 455 2517 543 2558; x_wconf 76' lang='lat' dir='ltr'><strong>stram</strong></span> <span class='ocrx_word' id='word_1_138' title='bbox 568 2515 662 2575; x_wconf 85' lang='lat' dir='ltr'><strong>opem</strong></span> <span class='ocrx_word' id='word_1_139' title='bbox 688 2498 793 2560; x_wconf 79' lang='lat' dir='ltr'><strong>valere</strong></span> <span class='ocrx_word' id='word_1_140' title='bbox 820 2499 979 2563; x_wconf 86' lang='lat' dir='ltr'><strong>neminem</strong></span> <span class='ocrx_word' id='word_1_141' title='bbox 999 2498 1096 2581; x_wconf 83' lang='lat' dir='ltr'><strong>sinit,</strong></span> <span class='ocrx_word' id='word_1_142' title='bbox 1128 2503 1172 2567; x_wconf 75' lang='lat' dir='ltr'><strong>ita</strong></span> 
     </span>
     <span class='ocr_line' id='line_1_21' title="bbox 143 2595 1172 2678; baseline 0.003 -12"><span class='ocrx_word' id='word_1_143' title='bbox 143 2603 225 2666; x_wconf 81' lang='lat' dir='ltr'><strong>illam</strong></span> <span class='ocrx_word' id='word_1_144' title='bbox 243 2622 310 2663; x_wconf 90' lang='lat' dir='ltr'><strong>non</strong></span> <span class='ocrx_word' id='word_1_145' title='bbox 331 2598 442 2671; x_wconf 91' lang='lat' dir='ltr'><strong>mittit,</strong></span> <span class='ocrx_word' id='word_1_146' title='bbox 464 2596 523 2660; x_wconf 88' lang='lat' dir='ltr'><strong>nisi</strong></span> <span class='ocrx_word' id='word_1_147' title='bbox 543 2595 764 2678; x_wconf 79' lang='lat' dir='ltr'><strong>diligentibus,</strong></span> <span class='ocrx_word' id='word_1_148' title='bbox 784 2610 816 2659; x_wconf 93' lang='lat' dir='ltr'><strong>et</strong></span> <span class='ocrx_word' id='word_1_149' title='bbox 835 2601 979 2664; x_wconf 77' lang='lat' dir='ltr'><strong>assiduis.</strong></span> <span class='ocrx_word' id='word_1_150' title='bbox 1018 2600 1172 2669; x_wconf 85' lang='lat' dir='ltr'><strong>Commu·</strong></span> 
     </span>
     <span class='ocr_line' id='line_1_22' title="bbox 144 2696 1171 2784; baseline 0.003 -18"><span class='ocrx_word' id='word_1_151' title='bbox 144 2703 291 2766; x_wconf 78' lang='lat' dir='ltr'><strong>tathone</strong></span> <span class='ocrx_word' id='word_1_152' title='bbox 311 2699 494 2771; x_wconf 69' lang='lat' dir='ltr'><strong>laboribus,</strong></span> <span class='ocrx_word' id='word_1_153' title='bbox 524 2708 555 2758; x_wconf 91' lang='lat' dir='ltr'><strong>et</strong></span> <span class='ocrx_word' id='word_1_154' title='bbox 575 2718 668 2758; x_wconf 81' lang='lat' dir='ltr'><strong>eures</strong></span> <span class='ocrx_word' id='word_1_155' title='bbox 695 2696 787 2761; x_wconf 80' lang='lat' dir='ltr'><strong>lacile</strong></span> <span class='ocrx_word' id='word_1_156' title='bbox 807 2699 860 2763; x_wconf 85' lang='lat' dir='ltr'><strong>dat</strong></span> <span class='ocrx_word' id='word_1_157' title='bbox 878 2701 954 2776; x_wconf 87' lang='lat' dir='ltr'><strong>illis,</strong></span> <span class='ocrx_word' id='word_1_158' title='bbox 983 2704 1038 2784; x_wconf 86' lang='lat' dir='ltr'><strong>qui</strong></span> <span class='ocrx_word' id='word_1_159' title='bbox 1058 2705 1171 2770; x_wconf 81' lang='lat' dir='ltr'><strong>delati·</strong></span> 
     </span>
     <span class='ocr_line' id='line_1_23' title="bbox 145 2795 1171 2886; baseline 0.004 -21"><span class='ocrx_word' id='word_1_160' title='bbox 145 2802 213 2886; x_wconf 75' lang='lat' dir='ltr'><strong>gali</strong></span> <span class='ocrx_word' id='word_1_161' title='bbox 233 2821 359 2882; x_wconf 75' lang='lat' dir='ltr'><strong>operam</strong></span> <span class='ocrx_word' id='word_1_162' title='bbox 378 2800 547 2872; x_wconf 79' lang='lat' dir='ltr'><strong>invocant,</strong></span> <span class='ocrx_word' id='word_1_163' title='bbox 568 2795 723 2880; x_wconf 86' lang='lat' dir='ltr'><strong>jubetque</strong></span> <span class='ocrx_word' id='word_1_164' title='bbox 743 2799 921 2879; x_wconf 74' lang='lat' dir='ltr'><strong>periclitari.</strong></span> <span class='ocrx_word' id='word_1_165' title='bbox 959 2804 1038 2866; x_wconf 84' lang='lat' dir='ltr'><strong>Nom</strong></span> <span class='ocrx_word' id='word_1_166' title='bbox 1056 2826 1171 2869; x_wconf 85' lang='lat' dir='ltr'><strong>eorum</strong></span> 
     </span>
     <span class='ocr_line' id='line_1_24' title="bbox 144 2897 1171 2985; baseline 0.003 -20"><span class='ocrx_word' id='word_1_167' title='bbox 144 2916 223 2965; x_wconf 75' lang='lat' dir='ltr'><strong>rote</strong></span> <span class='ocrx_word' id='word_1_168' title='bbox 241 2902 273 2964; x_wconf 91' lang='lat' dir='ltr'><strong>in</strong></span> <span class='ocrx_word' id='word_1_169' title='bbox 289 2922 406 2963; x_wconf 76' lang='lat' dir='ltr'><strong>vesunu</strong></span> <span class='ocrx_word' id='word_1_170' title='bbox 426 2900 560 2972; x_wconf 83' lang='lat' dir='ltr'><strong>sbeuut,</strong></span> <span class='ocrx_word' id='word_1_171' title='bbox 576 2897 631 2980; x_wconf 90' lang='lat' dir='ltr'><strong>qui</strong></span> <span class='ocrx_word' id='word_1_172' title='bbox 651 2899 812 2979; x_wconf 85' lang='lat' dir='ltr'><strong>precando</strong></span> <span class='ocrx_word' id='word_1_173' title='bbox 831 2921 865 2962; x_wconf 92' lang='lat' dir='ltr'><strong>se</strong></span> <span class='ocrx_word' id='word_1_174' title='bbox 886 2904 1013 2984; x_wconf 78' lang='lat' dir='ltr'><strong>assequi</strong></span> <span class='ocrx_word' id='word_1_175' title='bbox 1033 2918 1171 2985; x_wconf 79' lang='lat' dir='ltr'><strong>sperant,</strong></span> 
     </span>
     <span class='ocr_line' id='line_1_25' title="bbox 143 2997 1172 3089; baseline -0.002 -22"><span class='ocrx_word' id='word_1_176' title='bbox 143 3003 235 3089; x_wconf 86' lang='lat' dir='ltr'><strong>quod</strong></span> <span class='ocrx_word' id='word_1_177' title='bbox 259 3014 375 3065; x_wconf 80' lang='lat' dir='ltr'><strong>conam</strong></span> <span class='ocrx_word' id='word_1_178' title='bbox 402 2998 500 3082; x_wconf 75' lang='lat' dir='ltr'><strong>quani</strong></span> <span class='ocrx_word' id='word_1_179' title='bbox 526 2997 679 3078; x_wconf 83' lang='lat' dir='ltr'><strong>oportuit.</strong></span> <span class='ocrx_word' id='word_1_180' title='bbox 724 2997 785 3061; x_wconf 87' lang='lat' dir='ltr'><strong>Ubi</strong></span> <span class='ocrx_word' id='word_1_181' title='bbox 812 3012 885 3062; x_wconf 85' lang='lat' dir='ltr'><strong>sunt</strong></span> <span class='ocrx_word' id='word_1_182' title='bbox 905 3000 948 3063; x_wconf 95' lang='lat' dir='ltr'><strong>illi</strong></span> <span class='ocrx_word' id='word_1_183' title='bbox 968 3002 1082 3084; x_wconf 81' lang='lat' dir='ltr'><strong>igitur,</strong></span> <span class='ocrx_word' id='word_1_184' title='bbox 1114 3002 1172 3088; x_wconf 85' lang='lat' dir='ltr'><strong>qui</strong></span> 
     </span>
     <span class='ocr_line' id='line_1_26' title="bbox 139 3100 1172 3188; baseline -0.002 -17"><span class='ocrx_word' id='word_1_185' title='bbox 139 3104 311 3188; x_wconf 71' lang='lat' dir='ltr'><strong>tyrannide</strong></span> <span class='ocrx_word' id='word_1_186' title='bbox 329 3123 401 3165; x_wconf 93' lang='lat' dir='ltr'><strong>oum</strong></span> <span class='ocrx_word' id='word_1_187' title='bbox 422 3112 639 3181; x_wconf 82' lang='lat' dir='ltr'><strong>premerentur</strong></span> <span class='ocrx_word' id='word_1_188' title='bbox 660 3119 763 3178; x_wconf 85' lang='lat' dir='ltr'><strong>nuper</strong></span> <span class='ocrx_word' id='word_1_189' title='bbox 782 3100 867 3162; x_wconf 83' lang='lat' dir='ltr'><strong>haud</strong></span> <span class='ocrx_word' id='word_1_190' title='bbox 886 3121 1046 3184; x_wconf 83' lang='lat' dir='ltr'><strong>queqtrem</strong></span> <span class='ocrx_word' id='word_1_191' title='bbox 1065 3103 1172 3169; x_wconf 83' lang='lat' dir='ltr'><strong>leron-</strong></span> 
     </span>
     <span class='ocr_line' id='line_1_27' title="bbox 142 3199 1173 3285; baseline -0.001 -14"><span class='ocrx_word' id='word_1_192' title='bbox 142 3211 198 3282; x_wconf 82' lang='lat' dir='ltr'><strong>ds,</strong></span> <span class='ocrx_word' id='word_1_193' title='bbox 224 3227 293 3269; x_wconf 92' lang='lat' dir='ltr'><strong>non</strong></span> <span class='ocrx_word' id='word_1_194' title='bbox 315 3202 408 3268; x_wconf 74' lang='lat' dir='ltr'><strong>ermis</strong></span> <span class='ocrx_word' id='word_1_195' title='bbox 426 3224 461 3263; x_wconf 87' lang='lat' dir='ltr'><strong>se</strong></span> <span class='ocrx_word' id='word_1_196' title='bbox 480 3200 642 3262; x_wconf 81' lang='lat' dir='ltr'><strong>vindicare</strong></span> <span class='ocrx_word' id='word_1_197' title='bbox 661 3199 694 3261; x_wconf 92' lang='lat' dir='ltr'><strong>in</strong></span> <span class='ocrx_word' id='word_1_198' title='bbox 714 3200 888 3263; x_wconf 81' lang='lat' dir='ltr'><strong>libertatem</strong></span> <span class='ocrx_word' id='word_1_199' title='bbox 908 3214 1027 3266; x_wconf 81' lang='lat' dir='ltr'><strong>tantum</strong></span> <span class='ocrx_word' id='word_1_200' title='bbox 1047 3205 1173 3285; x_wconf 77' lang='lat' dir='ltr'><strong>precari</strong></span> 
     </span>
     <span class='ocr_line' id='line_1_28' title="bbox 145 3301 1172 3388; baseline 0.002 -19"><span class='ocrx_word' id='word_1_201' title='bbox 145 3310 333 3380; x_wconf 79' lang='lat' dir='ltr'><strong>voluerunt,</strong></span> <span class='ocrx_word' id='word_1_202' title='bbox 354 3304 407 3380; x_wconf 81' lang='grc'><strong>*”)</strong></span> <span class='ocrx_word' id='word_1_203' title='bbox 439 3314 475 3364; x_wconf 90' lang='lat' dir='ltr'><strong>ut</strong></span> <span class='ocrx_word' id='word_1_204' title='bbox 503 3320 538 3362; x_wconf 85' lang='lat' dir='ltr'><strong>se</strong></span> <span class='ocrx_word' id='word_1_205' title='bbox 571 3301 661 3362; x_wconf 87' lang='lat' dir='ltr'><strong>Deus</strong></span> <span class='ocrx_word' id='word_1_206' title='bbox 694 3301 925 3365; x_wconf 83' lang='lat' dir='ltr'><strong>ulcisceretur?</strong></span> <span class='ocrx_word' id='word_1_207' title='bbox 969 3307 1078 3388; x_wconf 80' lang='lat' dir='ltr'><strong>Atque</strong></span> <span class='ocrx_word' id='word_1_208' title='bbox 1108 3309 1172 3371; x_wconf 89' lang='lat' dir='ltr'><strong>boo</strong></span> 
     </span>
     <span class='ocr_line' id='line_1_29' title="bbox 146 3398 1172 3491; baseline 0.003 -26"><span class='ocrx_word' id='word_1_209' title='bbox 146 3417 279 3491; x_wconf 65' lang='lat' dir='ltr'><strong>egenam</strong></span> <span class='ocrx_word' id='word_1_210' title='bbox 308 3415 454 3487; x_wconf 78' lang='lat' dir='ltr'><strong>quartum</strong></span> <span class='ocrx_word' id='word_1_211' title='bbox 486 3398 549 3482; x_wconf 81' lang='lat' dir='ltr'><strong>jorn</strong></span> <span class='ocrx_word' id='word_1_212' title='bbox 581 3421 717 3475; x_wconf 75' lang='lat' dir='ltr'><strong>unitum,</strong></span> <span class='ocrx_word' id='word_1_213' title='bbox 750 3404 844 3463; x_wconf 90' lang='lat' dir='ltr'><strong>stulte</strong></span> <span class='ocrx_word' id='word_1_214' title='bbox 872 3403 1046 3481; x_wconf 83' lang='lat' dir='ltr'><strong>prolecto,</strong></span> <span class='ocrx_word' id='word_1_215' title='bbox 1079 3405 1172 3490; x_wconf 75' lang='lat' dir='ltr'><strong>qussi</strong></span> 
     </span>
     <span class='ocr_line' id='line_1_30' title="bbox 142 3499 1173 3590; baseline -0.002 -19"><span class='ocrx_word' id='word_1_216' title='bbox 142 3529 221 3571; x_wconf 80' lang='lat' dir='ltr'><strong>vero</strong></span> <span class='ocrx_word' id='word_1_217' title='bbox 247 3506 279 3570; x_wconf 85' lang='lat' dir='ltr'><strong>is</strong></span> <span class='ocrx_word' id='word_1_218' title='bbox 305 3503 346 3569; x_wconf 87' lang='lat' dir='ltr'><strong>sit</strong></span> <span class='ocrx_word' id='word_1_219' title='bbox 371 3504 484 3578; x_wconf 89' lang='lat' dir='ltr'><strong>Deus,</strong></span> <span class='ocrx_word' id='word_1_220' title='bbox 517 3499 573 3584; x_wconf 87' lang='lat' dir='ltr'><strong>qui</strong></span> <span class='ocrx_word' id='word_1_221' title='bbox 602 3521 662 3581; x_wconf 88' lang='lat' dir='ltr'><strong>pro</strong></span> <span class='ocrx_word' id='word_1_222' title='bbox 689 3501 806 3577; x_wconf 89' lang='lat' dir='ltr'><strong>nobis,</strong></span> <span class='ocrx_word' id='word_1_223' title='bbox 840 3503 966 3584; x_wconf 90' lang='lat' dir='ltr'><strong>quoties</strong></span> <span class='ocrx_word' id='word_1_224' title='bbox 994 3505 1086 3571; x_wconf 79' lang='lat' dir='ltr'><strong>otiari</strong></span> <span class='ocrx_word' id='word_1_225' title='bbox 1111 3506 1173 3590; x_wconf 81' lang='lat' dir='ltr'><strong>ipsi</strong></span> 
     </span>
     <span class='ocr_line' id='line_1_31' title="bbox 142 3600 1173 3682; baseline 0.002 -13"><span class='ocrx_word' id='word_1_226' title='bbox 142 3608 364 3680; x_wconf 80' lang='lat' dir='ltr'><strong>voluerimus,</strong></span> <span class='ocrx_word' id='word_1_227' title='bbox 391 3603 533 3666; x_wconf 75' lang='lat' dir='ltr'><strong>laborem</strong></span> <span class='ocrx_word' id='word_1_228' title='bbox 559 3600 675 3676; x_wconf 84' lang='lat' dir='ltr'><strong>sdest,</strong></span> <span class='ocrx_word' id='word_1_229' title='bbox 704 3612 737 3662; x_wconf 88' lang='lat' dir='ltr'><strong>et</strong></span> <span class='ocrx_word' id='word_1_230' title='bbox 761 3602 944 3667; x_wconf 85' lang='lat' dir='ltr'><strong>sedentibus</strong></span> <span class='ocrx_word' id='word_1_231' title='bbox 974 3606 1084 3682; x_wconf 90' lang='lat' dir='ltr'><strong>nobis,</strong></span> <span class='ocrx_word' id='word_1_232' title='bbox 1120 3608 1173 3671; x_wconf 83' lang='lat' dir='ltr'><strong>vel</strong></span> 
     </span>
     <span class='ocr_line' id='line_1_32' title="bbox 141 3700 1274 3784; baseline -0.004 -11"><span class='ocrx_word' id='word_1_233' title='bbox 141 3705 388 3773; x_wconf 86' lang='lat' dir='ltr'><strong>dormitantibus</strong></span> <span class='ocrx_word' id='word_1_234' title='bbox 406 3703 500 3766; x_wconf 85' lang='lat' dir='ltr'><strong>etiam</strong></span> <span class='ocrx_word' id='word_1_235' title='bbox 516 3714 700 3784; x_wconf 81' lang='lat' dir='ltr'><strong>utramque,</strong></span> <span class='ocrx_word' id='word_1_236' title='bbox 721 3712 756 3765; x_wconf 91' lang='lat' dir='ltr'><strong>ut</strong></span> <span class='ocrx_word' id='word_1_237' title='bbox 768 3700 874 3782; x_wconf 83' lang='lat' dir='ltr'><strong>ajunt,</strong></span> <span class='ocrx_word' id='word_1_238' title='bbox 894 3703 927 3766; x_wconf 91' lang='lat' dir='ltr'><strong>in</strong></span> <span class='ocrx_word' id='word_1_239' title='bbox 942 3722 1050 3768; x_wconf 77' lang='lat' dir='ltr'><strong>arrrem</strong></span> <span class='ocrx_word' id='word_1_240' title='bbox 1066 3704 1172 3768; x_wconf 74' lang='lat' dir='ltr'><strong>omnis</strong></span> <span class='ocrx_word' id='word_1_241' title='bbox 1270 3774 1274 3784; x_wconf 34' lang='lat'>¹</span> 
     </span>
     <span class='ocr_line' id='line_1_33' title="bbox 142 3802 1172 3888; baseline -0.008 -15"><span class='ocrx_word' id='word_1_242' title='bbox 142 3819 290 3883; x_wconf 81' lang='lat' dir='ltr'><strong>soenret,</strong></span> <span class='ocrx_word' id='word_1_243' title='bbox 312 3805 416 3869; x_wconf 81' lang='lat' dir='ltr'><strong>omnia</strong></span> <span class='ocrx_word' id='word_1_244' title='bbox 434 3802 592 3867; x_wconf 76' lang='lat' dir='ltr'><strong>confictu.</strong></span> <span class='ocrx_word' id='word_1_245' title='bbox 630 3805 757 3884; x_wconf 76' lang='lat' dir='ltr'><strong>Qntmto</strong></span> <span class='ocrx_word' id='word_1_246' title='bbox 773 3823 833 3865; x_wconf 88' lang='lat' dir='ltr'><strong>nos</strong></span> <span class='ocrx_word' id='word_1_247' title='bbox 849 3803 958 3886; x_wconf 82' lang='lat' dir='ltr'><strong>melius</strong></span> <span class='ocrx_word' id='word_1_248' title='bbox 979 3805 1092 3886; x_wconf 82' lang='lat' dir='ltr'><strong>igitur,</strong></span> <span class='ocrx_word' id='word_1_249' title='bbox 1114 3803 1172 3888; x_wconf 86' lang='lat' dir='ltr'><strong>qui</strong></span> 
     </span>
     <span class='ocr_line' id='line_1_34' title="bbox 144 3896 1171 3992; baseline -0.003 -20"><span class='ocrx_word' id='word_1_250' title='bbox 144 3909 367 3992; x_wconf 74' lang='lat' dir='ltr'><strong>aggredientes</strong></span> <span class='ocrx_word' id='word_1_251' title='bbox 385 3905 437 3981; x_wconf 86' lang='lat' dir='ltr'><strong>vi,</strong></span> <span class='ocrx_word' id='word_1_252' title='bbox 457 3904 620 3979; x_wconf 81' lang='lat' dir='ltr'><strong>scennis,</strong></span> <span class='ocrx_word' id='word_1_253' title='bbox 641 3915 672 3964; x_wconf 87' lang='lat' dir='ltr'><strong>et</strong></span> <span class='ocrx_word' id='word_1_254' title='bbox 691 3903 772 3965; x_wconf 91' lang='lat' dir='ltr'><strong>bene</strong></span> <span class='ocrx_word' id='word_1_255' title='bbox 793 3902 928 3967; x_wconf 87' lang='lat' dir='ltr'><strong>invicem</strong></span> <span class='ocrx_word' id='word_1_256' title='bbox 947 3896 1068 3985; x_wconf 72' lang='lat' dir='ltr'><strong>precati</strong></span> <span class='ocrx_word' id='word_1_257' title='bbox 1088 3924 1171 3985; x_wconf 77' lang='lat' dir='ltr'><strong>opus</strong></span> 
     </span>
     <span class='ocr_line' id='line_1_35' title="bbox 142 3999 1171 4087; baseline -0.006 -12"><span class='ocrx_word' id='word_1_258' title='bbox 142 4008 307 4076; x_wconf 81' lang='lat' dir='ltr'><strong>lecimus?</strong></span> <span class='ocrx_word' id='word_1_259' title='bbox 335 4008 427 4087; x_wconf 78' lang='lat' dir='ltr'><strong>Quor</strong></span> <span class='ocrx_word' id='word_1_260' title='bbox 446 4005 491 4067; x_wconf 79' lang='lat' dir='ltr'><strong>sic</strong></span> <span class='ocrx_word' id='word_1_261' title='bbox 510 4014 661 4067; x_wconf 74' lang='lat' dir='ltr'><strong>conantes</strong></span> <span class='ocrx_word' id='word_1_262' title='bbox 680 4003 723 4066; x_wconf 85' lang='lat' dir='ltr'><strong>its</strong></span> <span class='ocrx_word' id='word_1_263' title='bbox 742 4003 905 4067; x_wconf 77' lang='lat' dir='ltr'><strong>manifeste</strong></span> <span class='ocrx_word' id='word_1_264' title='bbox 924 3999 1008 4085; x_wconf 84' lang='lat' dir='ltr'><strong>juvit</strong></span> <span class='ocrx_word' id='word_1_265' title='bbox 1025 4002 1171 4069; x_wconf 80' lang='lat' dir='ltr'><strong>Christus</strong></span> 
     </span>
    </p>
   </div>
   <div class='ocr_carea' id='block_1_6' title="bbox 144 4146 313 4167">
    <p class='ocr_par' dir='ltr' id='par_1_6' title="bbox 144 4146 313 4167">
     <span class='ocr_line' id='line_1_36' title="bbox 144 4146 313 4167; baseline -0.012 0"><span class='ocrx_word' id='word_1_266' title='bbox 144 4146 313 4167; x_wconf 72' lang='grc' dir='ltr'><strong>-ι--Ι-</strong></span> 
     </span>
    </p>
   </div>
   <div class='ocr_carea' id='block_1_7' title="bbox 178 4228 1172 4385">
    <p class='ocr_par' dir='ltr' id='par_1_7' title="bbox 178 4228 1172 4385">
     <span class='ocr_line' id='line_1_37' title="bbox 178 4228 1172 4299; baseline 0.006 -17"><span class='ocrx_word' id='word_1_267' title='bbox 178 4233 210 4294; x_wconf 81' lang='grc'><strong>·)</strong></span> <span class='ocrx_word' id='word_1_268' title='bbox 230 4242 269 4286; x_wconf 84' lang='lat' dir='ltr'><strong>r.-</strong></span> <span class='ocrx_word' id='word_1_269' title='bbox 290 4251 315 4289; x_wconf 78' lang='lat' dir='ltr'><strong>v.</strong></span> <span class='ocrx_word' id='word_1_270' title='bbox 352 4228 396 4299; x_wconf 69' lang='lat'><strong>⁸⁹)</strong></span> <span class='ocrx_word' id='word_1_271' title='bbox 416 4244 513 4283; x_wconf 74' lang='lat' dir='ltr'><strong>rausum</strong></span> <span class='ocrx_word' id='word_1_272' title='bbox 530 4228 631 4289; x_wconf 71' lang='lat' dir='ltr'><strong>presul</strong></span> <span class='ocrx_word' id='word_1_273' title='bbox 648 4235 804 4281; x_wconf 76' lang='lat' dir='ltr'><strong>votuerunt:</strong></span> <span class='ocrx_word' id='word_1_274' title='bbox 832 4234 961 4283; x_wconf 81' lang='lat' dir='ltr'><strong>voluerunt</strong></span> <span class='ocrx_word' id='word_1_275' title='bbox 978 4236 1074 4295; x_wconf 70' lang='lat' dir='ltr'><strong>penu,</strong></span> <span class='ocrx_word' id='word_1_276' title='bbox 1102 4249 1172 4297; x_wconf 66' lang='lat' dir='ltr'><strong>qu·</strong></span> 
     </span>
     <span class='ocr_line' id='line_1_38' title="bbox 180 4326 278 4385; baseline 0 -12"><span class='ocrx_word' id='word_1_277' title='bbox 180 4326 278 4385; x_wconf 64' lang='lat' dir='ltr'><strong>ymeri.</strong></span> 
     </span>
    </p>
   </div>
   <div class='ocr_carea' id='block_1_8' title="bbox 151 4409 828 4500">
    <p class='ocr_par' dir='ltr' id='par_1_8' title="bbox 151 4409 828 4500">
     <span class='ocr_line' id='line_1_39' title="bbox 151 4409 828 4500; baseline -0.015 -12"><span class='ocrx_word' id='word_1_278' title='bbox 151 4446 211 4491; x_wconf 76' lang='lat' dir='ltr'><strong>uns</strong></span> <span class='ocrx_word' id='word_1_279' title='bbox 226 4443 268 4500; x_wconf 62' lang='lat' dir='ltr'><strong>os.</strong></span> <span class='ocrx_word' id='word_1_280' title='bbox 286 4443 315 4490; x_wconf 84' lang='lat' dir='ltr'><strong>r.</strong></span> <span class='ocrx_word' id='word_1_281' title='bbox 328 4443 370 4498; x_wconf 84' lang='lat' dir='ltr'><strong>ru.</strong></span> <span class='ocrx_word' id='word_1_282' title='bbox 789 4409 828 4479; x_wconf 85' lang='lat' dir='ltr'><strong>tl</strong></span> 
     </span>
    </p>
   </div>
   <div class='ocr_carea' id='block_1_9' title="bbox 0 0 1326 5086">
    <p class='ocr_par' dir='ltr' id='par_1_9' title="bbox 0 0 1326 5086">
     <span class='ocr_line' id='line_1_40' title="bbox 0 0 1326 5086; baseline 0 0"><span class='ocrx_word' id='word_1_283' title='bbox 0 0 1326 5086; x_wconf 95' lang='lat' dir='ltr'><strong> </strong></span> 
     </span>
    </p>
   </div>
  </div>
 </body>
</html>
