2632 5086
899 438 902 449 t

159 772 231 846 398
402 765 529 842 F-ehri'e
553 763 721 840 Secunda
745 765 931 865 Dialogus.

585 974 747 1039 ttutt‘en.

170 1153 174 1158 ·
231 1077 304 1140 Hoc
322 1075 440 1141 videris
459 1075 582 1155 dicere,
612 1075 650 1138 ab
670 1076 727 1139 illis
748 1074 840 1139 lucile
857 1075 994 1160 negligi,
1026 1075 1114 1159 quod
1137 1078 1177 1137 ita

138 1163 313 1259 '‘perditum
332 1190 396 1254 oet,
425 1189 460 1241 ut
478 1160 617 1258 reparari
634 1197 700 1237 nun
720 1175 830 1256 possit.

579 1293 752 1355 Febris.

108 1470 111 1474 ⁴
227 1393 334 1475 lpsum
358 1395 429 1455 hoc.
467 1396 573 1477 Atque
595 1390 692 1474 igitur
714 1394 797 1453 huuc
831 1413 900 1475 qum
926 1391 1065 1472 ingressu
1091 1411 1175 1452 com-

153 1516 226 1573 pum
247 1494 341 1555 semel
366 1506 432 1568 cst,
457 1493 553 1556 iibere
581 1493 611 1555 iu
640 1513 681 1552 co
700 1492 883 1573 dispoliatur
907 1510 1017 1572 posteo
1036 1512 1173 1571 semper,

153 1615 256 1676 neque
277 1605 361 1655 curto
382 1615 452 1655 cum
478 1596 516 1654 sit
544 1595 627 1655 mulae
648 1594 687 1655 tic
706 1613 740 1655 se
762 1593 935 1672 opinionis,
963 1594 1056 1653 ullum
1079 1592 1174 1655 lmbct·

153 1696 238 1756 i'omae
260 1715 376 1757 curmu.
411 1695 526 1779 ¹ltuquc
544 1693 610 1755 lrni
627 1691 689 1774 jum
708 1695 789 1754 mulo
809 1694 942 1773 gaudet,
972 1693 1173 1775 oblectatque

151 1779 185 1858 sc
204 1795 261 1857 ubi
279 1796 368 1865 licet,
402 1806 434 1856 et
458 1793 599 1856 varietati
620 1784 733 1854 studet.
771 1795 885 1876 Neque
911 1793 995 1855 enim
1015 1792 1172 1873 pudicitia·

149 1895 269 1976 jactura
287 1897 467 1957 muliorum
487 1907 534 1955 est
554 1915 675 1970 rurum,
704 1894 963 1977 quandoquidem
984 1892 1053 1972 ejus
1075 1894 1169 1955 lrabe-

149 2009 201 2059 tur
224 2017 299 2058 usus
319 2015 391 2056 cum
410 1994 612 2078 jucuntlitutc.

277 2188 279 2192 y
575 2070 737 2172 Hutieu.

224 2210 476 2291 Turpissimusill
498 2232 526 2272 e.
587 2281 589 2285 ἲ

270 2392 274 2402 Ι
532 2368 540 2385 2
574 2326 741 2390 Febris

219 2430 293 2491 Non
313 2428 451 2509 disputo.
489 2425 586 2489 Certe
607 2427 662 2488 uui
682 2449 751 2508 qurc
767 2426 944 2509 obsequuta
960 2431 1056 2504 semel
1069 2424 1169 2512 gratis

144 2532 301 2612 pudorem
320 2529 458 2591 amisisse
478 2528 644 2591 arbitratur
666 2549 720 2600 sc,
740 2528 800 2588 nisi
821 2526 973 2588 coutiuuo
993 2530 1096 2591 miultis
1118 2528 1170 2592 sui

143 2630 267 2711 copiam
279 2629 382 2691 faciut.
415 2629 538 2689 Nomio
556 2627 671 2689 amissae
687 2626 841 2709 pudicitiae
855 2631 1000 2690 solatium
1014 2630 1064 2691 liic
1079 2632 1169 2714 urlin-

144 2730 270 2792 venitur
297 2728 436 2813 fructus,
465 2729 666 2813 utinquam
691 2727 793 2788 multis
820 2731 967 2808 expleant
995 2730 1166 2798 libidinem.

144 2832 342 2911 Quamquam
369 2839 442 2895 suut
468 2850 538 2910 qum
564 2829 697 2901 idcirco,
723 2829 797 2911 quia
817 2850 887 2890 csse
908 2850 973 2888 uuo
995 2829 1066 2890 viro
1087 2851 1167 2891 cou-

142 2942 233 2994 teutae
254 2952 318 2991 uon
339 2942 488 3011 possunt,
508 2933 639 2990 solutum
660 2928 956 3010 hauc'auspicautur
977 2929 1088 3000 vitam,
1120 2931 1168 2992 ibi

142 3040 208 3095 tum
227 3032 341 3094 misere
361 3053 402 3093 ex
422 3030 577 3112 zelotypia
600 3030 795 3108 afficiuntur,
826 3031 881 3113 qui
907 3028 1091 3109 conjunctas
1111 3033 1167 3094 ha·

140 3133 218 3195 licut
237 3134 290 3195 has
310 3130 380 3193 sibi.

567 3247 599 3308 H
609 3270 626 3308 u
639 3259 668 3308 tt
679 3268 697 3309 e
707 3270 739 3309 n.

216 3348 290 3410 Non
309 3358 357 3408 est
374 3348 436 3409 lroe
460 3344 494 3409 in
513 3332 714 3409 matrimonio
734 3347 839 3412 item?
886 3426 894 3448 ο

573 3466 739 3528 Febris

223 3564 296 3626 Non
310 3585 471 3648 nunquam
489 3563 577 3638 item,
597 3576 628 3625 et
644 3577 716 3628 sumt
730 3587 798 3648 qum
812 3562 855 3624 ibi
870 3585 1002 3647 quoquc
1016 3581 1161 3646 peccent,

139 3666 196 3726 scd
213 3664 407 3744 ejuscemodi
421 3686 540 3726 uxores
554 3666 586 3725 in
606 3665 874 3728 meretricularum
890 3668 1035 3729 recidunt
1049 3689 1163 3733 utinm-

138 3788 224 3842 rum,
238 3788 298 3828 nec
309 3767 370 3847 jum
382 3757 540 3851 dignitatis
553 3765 718 3848 participes
730 3777 803 3827 sunt
815 3765 1000 3848 conjugalis.
1035 3768 1161 3829 Probas

138 3869 222 3931 enim
238 3869 343 3950 pudor
364 3867 496 3937 retinet,
517 3865 632 3930 deinde
651 3867 797 3930 maritalis
808 3867 1014 3943 couscientia,
1034 3879 1066 3932 et
1081 3869 1163 3930 libe-

14 4004 19 4012 t
104 4020 106 4023 .
137 3990 247 4033 rorum
273 3990 348 4030 cura
377 3971 456 4029 iutra
485 3967 637 4048 quostiam
665 3970 743 4030 lines
767 3968 898 4043 claudit,
920 3991 987 4050 quae
1007 3971 1091 4030 nullu
1111 3981 1163 4031 est

137 4069 337 4132 meretricum
365 4065 547 4142 necessitas,
575 4080 610 4130 ut
640 4067 715 4130 libet
741 4080 839 4149 agunt
864 4069 966 4144 euim,
994 4082 1026 4131 et
1044 4091 1160 4134 secure

136 4169 337 4231 deliciantur:
367 4167 456 4250 quod
482 4177 548 4250 quo
569 4166 668 4249 magis
694 4168 837 4247 proclive
861 4181 909 4231 cst
933 4169 1026 4248 ipsis,
1046 4187 1087 4230 eo
1114 4169 1162 4232 illi

80 4267 84 4276 '
137 4281 235 4352 agunt
253 4268 421 4344 solicitius,
440 4278 472 4331 et
492 4279 679 4351 torquentur
692 4267 840 4331 miserum
858 4271 891 4332 iu
902 4271 1047 4345 modum,
1066 4273 1160 4353 quod

136 4370 256 4454 negligi
275 4390 311 4434 se
330 4371 440 4434 vident
462 4383 549 4435 tanto
569 4390 627 4435 suo
647 4368 860 4433 incommodo.
