<?xml version="1.0" encoding="UTF-8"?>
<!DOCTYPE html PUBLIC "-//W3C//DTD XHTML 1.0 Transitional//EN"
    "http://www.w3.org/TR/xhtml1/DTD/xhtml1-transitional.dtd">
<html xmlns="http://www.w3.org/1999/xhtml" xml:lang="en" lang="en">
 <head>
  <title>
</title>
<meta http-equiv="Content-Type" content="text/html;charset=utf-8" />
  <meta name='ocr-system' content='tesseract 3.04.00' />
  <meta name='ocr-capabilities' content='ocr_page ocr_carea ocr_par ocr_line ocrx_word'/>
</head>
<body>
  <div class='ocr_page' id='page_1' title='image "./ulrichiabhutten02mngoog_0627.png"; bbox 0 0 2632 5086; ppageno 0'>
   <div class='ocr_carea' id='block_1_1' title="bbox 44 37 930 339">
    <p class='ocr_par' dir='ltr' id='par_1_1' title="bbox 44 37 930 339">
     <span class='ocr_line' id='line_1_1' title="bbox 44 37 930 339; baseline 0.017 -13"><span class='ocrx_word' id='word_1_1' title='bbox 44 37 930 339; x_wconf 82' lang='grc'><strong>-</strong></span> 
     </span>
     <span class='ocr_line' id='line_1_2' title="bbox 525 57 915 262; baseline 0 0"><span class='ocrx_word' id='word_1_2' title='bbox 525 57 643 262; x_wconf 81' lang='grc' dir='ltr'>Ι</span> <span class='ocrx_word' id='word_1_3' title='bbox 873 80 915 93; x_wconf 44' lang='grc'>..1</span> 
     </span>
    </p>
   </div>
   <div class='ocr_carea' id='block_1_2' title="bbox 374 754 1161 861">
    <p class='ocr_par' dir='ltr' id='par_1_2' title="bbox 374 754 1161 861">
     <span class='ocr_line' id='line_1_3' title="bbox 374 754 1161 861; baseline 0.004 -23"><span class='ocrx_word' id='word_1_4' title='bbox 374 761 433 840; x_wconf 77' lang='lat' dir='ltr'>Ad</span> <span class='ocrx_word' id='word_1_5' title='bbox 456 760 571 839; x_wconf 87' lang='lat' dir='ltr'>Mart.</span> <span class='ocrx_word' id='word_1_6' title='bbox 595 759 800 835; x_wconf 86' lang='lat' dir='ltr'>Lutherrrrn</span> <span class='ocrx_word' id='word_1_7' title='bbox 822 754 929 861; x_wconf 68' lang='lat' dir='ltr'>ep’st.</span> <span class='ocrx_word' id='word_1_8' title='bbox 1090 761 1161 841; x_wconf 77' lang='lat'>619</span> 
     </span>
    </p>
   </div>
   <div class='ocr_carea' id='block_1_3' title="bbox 141 950 1176 4340">
    <p class='ocr_par' dir='ltr' id='par_1_3' title="bbox 141 950 1176 4340">
     <span class='ocr_line' id='line_1_4' title="bbox 141 950 1167 1044; baseline -0.006 -23"><span class='ocrx_word' id='word_1_9' title='bbox 141 974 223 1044; x_wconf 79' lang='lat' dir='ltr'>porc</span> <span class='ocrx_word' id='word_1_10' title='bbox 241 968 275 1021; x_wconf 85' lang='lat' dir='ltr'>et</span> <span class='ocrx_word' id='word_1_11' title='bbox 292 955 406 1021; x_wconf 78' lang='lat' dir='ltr'>diebus</span> <span class='ocrx_word' id='word_1_12' title='bbox 431 954 601 1021; x_wconf 80' lang='lat' dir='ltr'>admodma</span> <span class='ocrx_word' id='word_1_13' title='bbox 621 952 732 1037; x_wconf 85' lang='lat' dir='ltr'>paucis</span> <span class='ocrx_word' id='word_1_14' title='bbox 751 952 825 1017; x_wconf 82' lang='lat' dir='ltr'>fieri</span> <span class='ocrx_word' id='word_1_15' title='bbox 842 951 965 1034; x_wconf 85' lang='lat' dir='ltr'>potuit,</span> <span class='ocrx_word' id='word_1_16' title='bbox 992 950 1167 1035; x_wconf 72' lang='lat' dir='ltr'>sugillatum</span> 
     </span>
     <span class='ocr_line' id='line_1_5' title="bbox 143 1049 1167 1143; baseline -0.009 -22"><span class='ocrx_word' id='word_1_17' title='bbox 143 1062 265 1142; x_wconf 78' lang='lat' dir='ltr'><strong>aliquot</strong></span> <span class='ocrx_word' id='word_1_18' title='bbox 294 1056 383 1121; x_wconf 83' lang='lat' dir='ltr'>iocir.</span> <span class='ocrx_word' id='word_1_19' title='bbox 425 1055 528 1137; x_wconf 83' lang='lat' dir='ltr'>Ajunt</span> <span class='ocrx_word' id='word_1_20' title='bbox 552 1064 583 1118; x_wconf 86' lang='lat' dir='ltr'>et</span> <span class='ocrx_word' id='word_1_21' title='bbox 608 1065 641 1118; x_wconf 86' lang='lat' dir='ltr'>tc</span> <span class='ocrx_word' id='word_1_22' title='bbox 665 1053 842 1132; x_wconf 70' lang='lat' dir='ltr'>scripsisset</span> <span class='ocrx_word' id='word_1_23' title='bbox 874 1052 964 1137; x_wconf 87' lang='lat' dir='ltr'>quod</span> <span class='ocrx_word' id='word_1_24' title='bbox 981 1073 1048 1115; x_wconf 88' lang='lat' dir='ltr'>nou</span> <span class='ocrx_word' id='word_1_25' title='bbox 1066 1049 1167 1143; x_wconf 71' lang='lat' dir='ltr'>magia</span> 
     </span>
     <span class='ocr_line' id='line_1_6' title="bbox 142 1151 1168 1243; baseline -0.008 -21"><span class='ocrx_word' id='word_1_26' title='bbox 142 1160 226 1236; x_wconf 78' lang='lat' dir='ltr'>vidi,</span> <span class='ocrx_word' id='word_1_27' title='bbox 244 1179 339 1243; x_wconf 86' lang='lat' dir='ltr'>quam</span> <span class='ocrx_word' id='word_1_28' title='bbox 351 1155 426 1235; x_wconf 88' lang='lat' dir='ltr'>aiia,</span> <span class='ocrx_word' id='word_1_29' title='bbox 443 1176 515 1239; x_wconf 72' lang='lat' dir='ltr'>qun</span> <span class='ocrx_word' id='word_1_30' title='bbox 530 1165 697 1218; x_wconf 86' lang='lat' dir='ltr'>narrarrtur</span> <span class='ocrx_word' id='word_1_31' title='bbox 711 1152 917 1219; x_wconf 79' lang='lat' dir='ltr'><strong>circumferri.</strong></span> <span class='ocrx_word' id='word_1_32' title='bbox 947 1152 1046 1236; x_wconf 80' lang='lat' dir='ltr'>Quod</span> <span class='ocrx_word' id='word_1_33' title='bbox 1058 1151 1168 1226; x_wconf 89' lang='lat' dir='ltr'>miror,</span> 
     </span>
     <span class='ocr_line' id='line_1_7' title="bbox 143 1251 1169 1339; baseline -0.003 -19"><span class='ocrx_word' id='word_1_34' title='bbox 143 1259 254 1322; x_wconf 87' lang='lat' dir='ltr'>adme</span> <span class='ocrx_word' id='word_1_35' title='bbox 273 1278 331 1320; x_wconf 89' lang='lat' dir='ltr'>cur</span> <span class='ocrx_word' id='word_1_36' title='bbox 350 1277 416 1320; x_wconf 86' lang='lat' dir='ltr'>non</span> <span class='ocrx_word' id='word_1_37' title='bbox 433 1255 536 1319; x_wconf 83' lang='lat' dir='ltr'>mittas</span> <span class='ocrx_word' id='word_1_38' title='bbox 555 1254 657 1319; x_wconf 83' lang='lat' dir='ltr'>rtatim</span> <span class='ocrx_word' id='word_1_39' title='bbox 681 1266 751 1329; x_wconf 91' lang='lat' dir='ltr'>tua,</span> <span class='ocrx_word' id='word_1_40' title='bbox 785 1275 886 1339; x_wconf 87' lang='lat' dir='ltr'>quum</span> <span class='ocrx_word' id='word_1_41' title='bbox 912 1252 1015 1337; x_wconf 87' lang='lat' dir='ltr'>possis</span> <span class='ocrx_word' id='word_1_42' title='bbox 1039 1251 1169 1329; x_wconf 82' lang='lat' dir='ltr'>babere,</span> 
     </span>
     <span class='ocr_line' id='line_1_8' title="bbox 144 1336 1169 1444; baseline -0.005 -22"><span class='ocrx_word' id='word_1_43' title='bbox 144 1358 201 1444; x_wconf 84' lang='lat' dir='ltr'>qui</span> <span class='ocrx_word' id='word_1_44' title='bbox 226 1360 265 1422; x_wconf 90' lang='lat' dir='ltr'>ad</span> <span class='ocrx_word' id='word_1_45' title='bbox 283 1357 311 1422; x_wconf 85' lang='lat' dir='ltr'>F</span> <span class='ocrx_word' id='word_1_46' title='bbox 313 1357 488 1421; x_wconf 82' lang='lat' dir='ltr'>ranciscuru</span> <span class='ocrx_word' id='word_1_47' title='bbox 512 1355 674 1439; x_wconf 82' lang='lat' dir='ltr'>perierant</span> <span class='ocrx_word' id='word_1_48' title='bbox 706 1357 837 1418; x_wconf 88' lang='lat' dir='ltr'>multum</span> <span class='ocrx_word' id='word_1_49' title='bbox 864 1353 969 1419; x_wconf 73' lang='lat' dir='ltr'>facile.</span> <span class='ocrx_word' id='word_1_50' title='bbox 1015 1336 1169 1417; x_wconf 70' lang='lat' dir='ltr'>scribitis</span> 
     </span>
     <span class='ocr_line' id='line_1_9' title="bbox 144 1453 1168 1543; baseline -0.005 -21"><span class='ocrx_word' id='word_1_51' title='bbox 144 1471 178 1522; x_wconf 89' lang='lat' dir='ltr'>et</span> <span class='ocrx_word' id='word_1_52' title='bbox 194 1460 350 1543; x_wconf 76' lang='lat' dir='ltr'><strong>Dialogus</strong></span> <span class='ocrx_word' id='word_1_53' title='bbox 370 1457 455 1520; x_wconf 89' lang='lat' dir='ltr'>buiia</span> <span class='ocrx_word' id='word_1_54' title='bbox 474 1456 549 1520; x_wconf 87' lang='lat' dir='ltr'>mibi</span> <span class='ocrx_word' id='word_1_55' title='bbox 562 1502 580 1534; x_wconf 40' lang='grc'>,,</span> <span class='ocrx_word' id='word_1_56' title='bbox 597 1454 744 1518; x_wconf 74' lang='lat' dir='ltr'>festinate</span> <span class='ocrx_word' id='word_1_57' title='bbox 763 1455 900 1518; x_wconf 80' lang='lat' dir='ltr'>arbitror</span> <span class='ocrx_word' id='word_1_58' title='bbox 918 1476 984 1518; x_wconf 89' lang='lat' dir='ltr'>non</span> <span class='ocrx_word' id='word_1_59' title='bbox 1003 1453 1168 1530; x_wconf 71' lang='lat' dir='ltr'>inurbane,</span> 
     </span>
     <span class='ocr_line' id='line_1_10' title="bbox 144 1555 1169 1643; baseline -0.002 -22"><span class='ocrx_word' id='word_1_60' title='bbox 144 1579 254 1643; x_wconf 86' lang='lat' dir='ltr'>quem,</span> <span class='ocrx_word' id='word_1_61' title='bbox 279 1558 382 1621; x_wconf 78' lang='lat' dir='ltr'>editur</span> <span class='ocrx_word' id='word_1_62' title='bbox 397 1570 434 1621; x_wconf 90' lang='lat' dir='ltr'>ut</span> <span class='ocrx_word' id='word_1_63' title='bbox 451 1556 570 1631; x_wconf 85' lang='lat' dir='ltr'>iuerit,</span> <span class='ocrx_word' id='word_1_64' title='bbox 600 1555 738 1638; x_wconf 75' lang='lat' dir='ltr'>accipies</span> <span class='ocrx_word' id='word_1_65' title='bbox 762 1557 880 1633; x_wconf 81' lang='lat' dir='ltr'>statim3</span> <span class='ocrx_word' id='word_1_66' title='bbox 907 1556 999 1618; x_wconf 83' lang='lat' dir='ltr'>simui</span> <span class='ocrx_word' id='word_1_67' title='bbox 1022 1555 1169 1619; x_wconf 77' lang='lat' dir='ltr'>saeculare</span> 
     </span>
     <span class='ocr_line' id='line_1_11' title="bbox 143 1650 1170 1725; baseline -0.003 -3"><span class='ocrx_word' id='word_1_68' title='bbox 143 1659 306 1722; x_wconf 80' lang='lat' dir='ltr'>brachium</span> <span class='ocrx_word' id='word_1_69' title='bbox 330 1667 442 1725; x_wconf 85' lang='lat' dir='ltr'>tracto.</span> <span class='ocrx_word' id='word_1_70' title='bbox 481 1656 664 1720; x_wconf 84' lang='lat' dir='ltr'>Exclamavi</span> <span class='ocrx_word' id='word_1_71' title='bbox 682 1667 715 1719; x_wconf 87' lang='lat' dir='ltr'>et</span> <span class='ocrx_word' id='word_1_72' title='bbox 734 1658 766 1719; x_wconf 88' lang='lat' dir='ltr'>in</span> <span class='ocrx_word' id='word_1_73' title='bbox 796 1667 927 1721; x_wconf 86' lang='lat' dir='ltr'>tuorum</span> <span class='ocrx_word' id='word_1_74' title='bbox 944 1654 1100 1719; x_wconf 87' lang='lat' dir='ltr'>librorum</span> <span class='ocrx_word' id='word_1_75' title='bbox 1121 1650 1170 1719; x_wconf 85' lang='lat' dir='ltr'>in·</span> 
     </span>
     <span class='ocr_line' id='line_1_12' title="bbox 144 1754 1170 1841; baseline -0.004 -21"><span class='ocrx_word' id='word_1_76' title='bbox 144 1759 292 1822; x_wconf 82' lang='lat' dir='ltr'>caudium</span> <span class='ocrx_word' id='word_1_77' title='bbox 310 1757 455 1821; x_wconf 82' lang='lat' dir='ltr'>versibus</span> <span class='ocrx_word' id='word_1_78' title='bbox 472 1755 593 1819; x_wconf 84' lang='lat' dir='ltr'>Latinis</span> <span class='ocrx_word' id='word_1_79' title='bbox 611 1756 867 1831; x_wconf 75' lang='lat' dir='ltr'>etGerruanicirr</span> <span class='ocrx_word' id='word_1_80' title='bbox 893 1766 1049 1841; x_wconf 73' lang='lat' dir='ltr'>utrosque</span> <span class='ocrx_word' id='word_1_81' title='bbox 1065 1754 1170 1817; x_wconf 89' lang='lat' dir='ltr'>mitto.</span> 
     </span>
     <span class='ocr_line' id='line_1_13' title="bbox 145 1852 1170 1943; baseline 0.001 -23"><span class='ocrx_word' id='word_1_82' title='bbox 145 1859 225 1921; x_wconf 85' lang='lat' dir='ltr'>Item</span> <span class='ocrx_word' id='word_1_83' title='bbox 253 1861 368 1938; x_wconf 78' lang='lat' dir='ltr'>poe&#39;ma</span> <span class='ocrx_word' id='word_1_84' title='bbox 393 1856 636 1934; x_wconf 78' lang='lat' dir='ltr'>Germanicum,</span> <span class='ocrx_word' id='word_1_85' title='bbox 671 1867 802 1940; x_wconf 88' lang='lat' dir='ltr'>propter</span> <span class='ocrx_word' id='word_1_86' title='bbox 833 1858 924 1942; x_wconf 89' lang='lat' dir='ltr'>quod</span> <span class='ocrx_word' id='word_1_87' title='bbox 950 1859 1065 1943; x_wconf 83' lang='lat' dir='ltr'>nuliam</span> <span class='ocrx_word' id='word_1_88' title='bbox 1096 1852 1170 1921; x_wconf 83' lang='lat' dir='ltr'>saris</span> 
     </span>
     <span class='ocr_line' id='line_1_14' title="bbox 145 1944 1170 2042; baseline 0 -25"><span class='ocrx_word' id='word_1_89' title='bbox 145 1977 268 2039; x_wconf 77' lang='lat' dir='ltr'>poenam</span> <span class='ocrx_word' id='word_1_90' title='bbox 294 1956 486 2020; x_wconf 79' lang='lat' dir='ltr'>arbitrantur</span> <span class='ocrx_word' id='word_1_91' title='bbox 515 1944 675 2035; x_wconf 80' lang='lat' dir='ltr'>sacrifici,</span> <span class='ocrx_word' id='word_1_92' title='bbox 712 1977 776 2041; x_wconf 89' lang='lat' dir='ltr'>qua</span> <span class='ocrx_word' id='word_1_93' title='bbox 806 1959 944 2042; x_wconf 82' lang='lat' dir='ltr'>plectar:</span> <span class='ocrx_word' id='word_1_94' title='bbox 976 1957 1018 2019; x_wconf 88' lang='lat' dir='ltr'>ita</span> <span class='ocrx_word' id='word_1_95' title='bbox 1044 1955 1170 2033; x_wconf 83' lang='lat' dir='ltr'>ierunt,</span> 
     </span>
     <span class='ocr_line' id='line_1_15' title="bbox 145 2050 1170 2140; baseline 0 -21"><span class='ocrx_word' id='word_1_96' title='bbox 145 2077 256 2122; x_wconf 76' lang='lat' dir='ltr'>omnes</span> <span class='ocrx_word' id='word_1_97' title='bbox 281 2056 452 2122; x_wconf 67' lang='lat' dir='ltr'>honestatis</span> <span class='ocrx_word' id='word_1_98' title='bbox 476 2050 591 2120; x_wconf 76' lang='lat' dir='ltr'>limites</span> <span class='ocrx_word' id='word_1_99' title='bbox 611 2077 775 2138; x_wconf 79' lang='lat' dir='ltr'>egressum</span> <span class='ocrx_word' id='word_1_100' title='bbox 799 2078 862 2122; x_wconf 86' lang='lat' dir='ltr'>me.</span> <span class='ocrx_word' id='word_1_101' title='bbox 900 2055 999 2140; x_wconf 80' lang='lat' dir='ltr'>Quod</span> <span class='ocrx_word' id='word_1_102' title='bbox 1025 2055 1170 2122; x_wconf 71' lang='lat' dir='ltr'>Christro</span> 
     </span>
     <span class='ocr_line' id='line_1_16' title="bbox 145 2155 1172 2243; baseline -0.001 -24"><span class='ocrx_word' id='word_1_103' title='bbox 145 2155 282 2236; x_wconf 85' lang='lat' dir='ltr'>judicet,</span> <span class='ocrx_word' id='word_1_104' title='bbox 310 2156 389 2241; x_wconf 90' lang='lat' dir='ltr'>quid</span> <span class='ocrx_word' id='word_1_105' title='bbox 413 2155 591 2240; x_wconf 73' lang='lat' dir='ltr'>reipublicae</span> <span class='ocrx_word' id='word_1_106' title='bbox 620 2179 684 2220; x_wconf 83' lang='lat' dir='ltr'>sua</span> <span class='ocrx_word' id='word_1_107' title='bbox 711 2157 916 2240; x_wconf 84' lang='lat' dir='ltr'>profuturum</span> <span class='ocrx_word' id='word_1_108' title='bbox 935 2157 996 2220; x_wconf 85' lang='lat' dir='ltr'>sit:</span> <span class='ocrx_word' id='word_1_109' title='bbox 1027 2176 1092 2243; x_wconf 72' lang='lat' dir='ltr'>qna</span> <span class='ocrx_word' id='word_1_110' title='bbox 1120 2155 1172 2219; x_wconf 84' lang='lat' dir='ltr'>via</span> 
     </span>
     <span class='ocr_line' id='line_1_17' title="bbox 143 2254 1174 2343; baseline 0 -22"><span class='ocrx_word' id='word_1_111' title='bbox 143 2257 192 2321; x_wconf 84' lang='lat' dir='ltr'>hir</span> <span class='ocrx_word' id='word_1_112' title='bbox 216 2258 303 2322; x_wconf 83' lang='lat' dir='ltr'>malis</span> <span class='ocrx_word' id='word_1_113' title='bbox 324 2257 446 2322; x_wconf 81' lang='lat' dir='ltr'>mederi</span> <span class='ocrx_word' id='word_1_114' title='bbox 470 2266 628 2340; x_wconf 78' lang='lat' dir='ltr'>oporteat.</span> <span class='ocrx_word' id='word_1_115' title='bbox 664 2256 712 2320; x_wconf 86' lang='lat' dir='ltr'>liii</span> <span class='ocrx_word' id='word_1_116' title='bbox 738 2257 869 2343; x_wconf 86' lang='lat' dir='ltr'>quidem</span> <span class='ocrx_word' id='word_1_117' title='bbox 887 2256 943 2323; x_wconf 86' lang='lat' dir='ltr'>diu</span> <span class='ocrx_word' id='word_1_118' title='bbox 962 2254 1029 2337; x_wconf 85' lang='lat' dir='ltr'>jam</span> <span class='ocrx_word' id='word_1_119' title='bbox 1046 2257 1174 2321; x_wconf 82' lang='lat' dir='ltr'>danma-</span> 
     </span>
     <span class='ocr_line' id='line_1_18' title="bbox 144 2356 1173 2441; baseline -0.001 -20"><span class='ocrx_word' id='word_1_120' title='bbox 144 2367 212 2421; x_wconf 89' lang='lat' dir='ltr'>tum</span> <span class='ocrx_word' id='word_1_121' title='bbox 231 2359 531 2441; x_wconf 82' lang='lat' dir='ltr'>pronuntiaverunt:</span> <span class='ocrx_word' id='word_1_122' title='bbox 559 2356 752 2439; x_wconf 81' lang='lat' dir='ltr'>redspero,</span> <span class='ocrx_word' id='word_1_123' title='bbox 780 2358 903 2422; x_wconf 83' lang='lat' dir='ltr'>absolvi</span> <span class='ocrx_word' id='word_1_124' title='bbox 927 2357 1058 2432; x_wconf 88' lang='lat' dir='ltr'>aDeo,</span> <span class='ocrx_word' id='word_1_125' title='bbox 1089 2377 1173 2440; x_wconf 81' lang='lat' dir='ltr'>quor</span> 
     </span>
     <span class='ocr_line' id='line_1_19' title="bbox 145 2453 1173 2540; baseline -0.005 -19"><span class='ocrx_word' id='word_1_126' title='bbox 145 2457 208 2540; x_wconf 89' lang='lat' dir='ltr'>ipsi</span> <span class='ocrx_word' id='word_1_127' title='bbox 232 2458 461 2523; x_wconf 82' lang='lat' dir='ltr'>damnaverint.</span> <span class='ocrx_word' id='word_1_128' title='bbox 510 2457 669 2521; x_wconf 72' lang='lat' dir='ltr'>arserunt</span> <span class='ocrx_word' id='word_1_129' title='bbox 698 2467 752 2517; x_wconf 87' lang='lat' dir='ltr'>rna</span> <span class='ocrx_word' id='word_1_130' title='bbox 783 2453 848 2536; x_wconf 84' lang='lat' dir='ltr'>jam</span> <span class='ocrx_word' id='word_1_131' title='bbox 869 2465 929 2517; x_wconf 89' lang='lat' dir='ltr'>ter.</span> <span class='ocrx_word' id='word_1_132' title='bbox 968 2455 1056 2538; x_wconf 83' lang='lat' dir='ltr'>Quid</span> <span class='ocrx_word' id='word_1_133' title='bbox 1081 2454 1173 2518; x_wconf 78' lang='lat' dir='ltr'>tram?</span> 
     </span>
     <span class='ocr_line' id='line_1_20' title="bbox 146 2551 1173 2638; baseline 0.004 -20"><span class='ocrx_word' id='word_1_134' title='bbox 146 2557 243 2638; x_wconf 79' lang='lat' dir='ltr'>igitur</span> <span class='ocrx_word' id='word_1_135' title='bbox 263 2579 281 2619; x_wconf 93' lang='lat' dir='ltr'>a</span> <span class='ocrx_word' id='word_1_136' title='bbox 299 2555 581 2638; x_wconf 71' lang='lat' dir='ltr'>nostrisprrrians</span> <span class='ocrx_word' id='word_1_137' title='bbox 598 2551 767 2619; x_wconf 71' lang='lat' dir='ltr'>discedunt</span> <span class='ocrx_word' id='word_1_138' title='bbox 784 2553 958 2618; x_wconf 77' lang='lat' dir='ltr'>hominos?</span> <span class='ocrx_word' id='word_1_139' title='bbox 995 2555 1095 2618; x_wconf 88' lang='lat' dir='ltr'>immo</span> <span class='ocrx_word' id='word_1_140' title='bbox 1117 2575 1173 2622; x_wconf 83' lang='lat' dir='ltr'>vc·</span> 
     </span>
     <span class='ocr_line' id='line_1_21' title="bbox 144 2653 1174 2737; baseline -0.003 -18"><span class='ocrx_word' id='word_1_141' title='bbox 144 2675 217 2719; x_wconf 86' lang='lat' dir='ltr'>rum</span> <span class='ocrx_word' id='word_1_142' title='bbox 238 2654 344 2723; x_wconf 85' lang='lat' dir='ltr'>scribo</span> <span class='ocrx_word' id='word_1_143' title='bbox 364 2654 443 2728; x_wconf 89' lang='lat' dir='ltr'>tibi,</span> <span class='ocrx_word' id='word_1_144' title='bbox 461 2654 623 2729; x_wconf 84' lang='lat' dir='ltr'>Lutirere,</span> <span class='ocrx_word' id='word_1_145' title='bbox 648 2653 750 2737; x_wconf 70' lang='lat' dir='ltr'>mgis</span> <span class='ocrx_word' id='word_1_146' title='bbox 777 2654 905 2719; x_wconf 79' lang='lat' dir='ltr'>incensa</span> <span class='ocrx_word' id='word_1_147' title='bbox 923 2653 1092 2719; x_wconf 75' lang='lat' dir='ltr'>multitudo</span> <span class='ocrx_word' id='word_1_148' title='bbox 1113 2665 1174 2731; x_wconf 84' lang='lat' dir='ltr'>ert,</span> 
     </span>
     <span class='ocr_line' id='line_1_22' title="bbox 144 2752 1174 2841; baseline -0.002 -23"><span class='ocrx_word' id='word_1_149' title='bbox 144 2753 311 2835; x_wconf 81' lang='lat' dir='ltr'>magisque</span> <span class='ocrx_word' id='word_1_150' title='bbox 331 2752 529 2816; x_wconf 83' lang='lat' dir='ltr'>inflammata.</span> <span class='ocrx_word' id='word_1_151' title='bbox 569 2753 706 2814; x_wconf 85' lang='lat' dir='ltr'>Tantum</span> <span class='ocrx_word' id='word_1_152' title='bbox 725 2753 783 2818; x_wconf 82' lang='lat' dir='ltr'>iltis</span> <span class='ocrx_word' id='word_1_153' title='bbox 802 2755 944 2837; x_wconf 79' lang='lat' dir='ltr'>proruit,</span> <span class='ocrx_word' id='word_1_154' title='bbox 965 2775 1061 2819; x_wconf 90' lang='lat' dir='ltr'>unam</span> <span class='ocrx_word' id='word_1_155' title='bbox 1076 2765 1174 2841; x_wconf 83' lang='lat' dir='ltr'>atqua</span> 
     </span>
     <span class='ocr_line' id='line_1_23' title="bbox 144 2853 1175 2937; baseline 0.005 -22"><span class='ocrx_word' id='word_1_156' title='bbox 144 2854 272 2915; x_wconf 87' lang='lat' dir='ltr'>alteram</span> <span class='ocrx_word' id='word_1_157' title='bbox 296 2853 466 2915; x_wconf 84' lang='lat' dir='ltr'>chartulam</span> <span class='ocrx_word' id='word_1_158' title='bbox 492 2860 638 2917; x_wconf 78' lang='lat' dir='ltr'>exustam</span> <span class='ocrx_word' id='word_1_159' title='bbox 663 2871 787 2916; x_wconf 90' lang='lat' dir='ltr'>curare.</span> <span class='ocrx_word' id='word_1_160' title='bbox 832 2854 919 2934; x_wconf 83' lang='lat' dir='ltr'>Quin</span> <span class='ocrx_word' id='word_1_161' title='bbox 943 2855 1044 2919; x_wconf 84' lang='lat' dir='ltr'>etiarn</span> <span class='ocrx_word' id='word_1_162' title='bbox 1062 2873 1175 2937; x_wconf 86' lang='lat' dir='ltr'>parurn</span> 
     </span>
     <span class='ocr_line' id='line_1_24' title="bbox 143 2950 1174 3034; baseline 0.003 -17"><span class='ocrx_word' id='word_1_163' title='bbox 143 2951 285 3017; x_wconf 76' lang='lat' dir='ltr'>abfuisse</span> <span class='ocrx_word' id='word_1_164' title='bbox 297 2998 307 3029; x_wconf 91' lang='lat'>,</span> <span class='ocrx_word' id='word_1_165' title='bbox 337 2951 516 3033; x_wconf 76' lang='lat' dir='ltr'>Mogontia</span> <span class='ocrx_word' id='word_1_166' title='bbox 541 2963 576 3015; x_wconf 89' lang='lat' dir='ltr'>ut</span> <span class='ocrx_word' id='word_1_167' title='bbox 602 2950 759 3034; x_wconf 79' lang='lat' dir='ltr'>lapidibus</span> <span class='ocrx_word' id='word_1_168' title='bbox 789 2952 981 3016; x_wconf 84' lang='lat' dir='ltr'>obrueretur</span> <span class='ocrx_word' id='word_1_169' title='bbox 1004 2955 1174 3033; x_wconf 84' lang='lat' dir='ltr'>Alcandar,</span> 
     </span>
     <span class='ocr_line' id='line_1_25' title="bbox 144 3050 1175 3138; baseline 0 -21"><span class='ocrx_word' id='word_1_170' title='bbox 144 3052 234 3117; x_wconf 84' lang='lat' dir='ltr'>amici</span> <span class='ocrx_word' id='word_1_171' title='bbox 258 3052 411 3117; x_wconf 88' lang='lat' dir='ltr'>scribunt.</span> <span class='ocrx_word' id='word_1_172' title='bbox 455 3054 529 3135; x_wconf 83' lang='lat' dir='ltr'>Qua</span> <span class='ocrx_word' id='word_1_173' title='bbox 549 3053 591 3116; x_wconf 88' lang='lat' dir='ltr'>de</span> <span class='ocrx_word' id='word_1_174' title='bbox 617 3074 653 3115; x_wconf 90' lang='lat' dir='ltr'>re</span> <span class='ocrx_word' id='word_1_175' title='bbox 681 3052 849 3138; x_wconf 87' lang='lat' dir='ltr'>quamdam</span> <span class='ocrx_word' id='word_1_176' title='bbox 871 3050 965 3114; x_wconf 88' lang='lat' dir='ltr'>rtatni</span> <span class='ocrx_word' id='word_1_177' title='bbox 979 3051 1077 3114; x_wconf 85' lang='lat' dir='ltr'>edere</span> <span class='ocrx_word' id='word_1_178' title='bbox 1100 3052 1175 3117; x_wconf 80' lang='lat' dir='ltr'>satir</span> 
     </span>
     <span class='ocr_line' id='line_1_26' title="bbox 141 3149 1174 3237; baseline -0.001 -21"><span class='ocrx_word' id='word_1_179' title='bbox 141 3154 300 3237; x_wconf 83' lang='lat' dir='ltr'>prolixam</span> <span class='ocrx_word' id='word_1_180' title='bbox 325 3151 510 3233; x_wconf 81' lang='lat' dir='ltr'>epistotam,</span> <span class='ocrx_word' id='word_1_181' title='bbox 545 3151 580 3215; x_wconf 88' lang='lat' dir='ltr'>in</span> <span class='ocrx_word' id='word_1_182' title='bbox 600 3174 664 3237; x_wconf 87' lang='lat' dir='ltr'>qna</span> <span class='ocrx_word' id='word_1_183' title='bbox 683 3173 752 3216; x_wconf 89' lang='lat' dir='ltr'>rem</span> <span class='ocrx_word' id='word_1_184' title='bbox 770 3161 868 3216; x_wconf 87' lang='lat' dir='ltr'>totam</span> <span class='ocrx_word' id='word_1_185' title='bbox 891 3171 963 3213; x_wconf 83' lang='lat' dir='ltr'>snm</span> <span class='ocrx_word' id='word_1_186' title='bbox 988 3149 1174 3231; x_wconf 80' lang='lat' dir='ltr'>complexus</span> 
     </span>
     <span class='ocr_line' id='line_1_27' title="bbox 143 3239 1175 3333; baseline 0.001 -18"><span class='ocrx_word' id='word_1_187' title='bbox 143 3254 231 3315; x_wconf 92' lang='lat' dir='ltr'>utin</span> <span class='ocrx_word' id='word_1_188' title='bbox 252 3253 305 3316; x_wconf 90' lang='lat' dir='ltr'>illo</span> <span class='ocrx_word' id='word_1_189' title='bbox 325 3252 475 3318; x_wconf 74' lang='lat' dir='ltr'>incendio</span> <span class='ocrx_word' id='word_1_190' title='bbox 502 3239 691 3315; x_wconf 76' lang='lat' dir='ltr'>successerit</span> <span class='ocrx_word' id='word_1_191' title='bbox 716 3253 773 3315; x_wconf 86' lang='lat' dir='ltr'>eir.</span> <span class='ocrx_word' id='word_1_192' title='bbox 813 3251 922 3315; x_wconf 85' lang='lat' dir='ltr'>Tuum</span> <span class='ocrx_word' id='word_1_193' title='bbox 945 3269 1065 3315; x_wconf 88' lang='lat' dir='ltr'>nomen</span> <span class='ocrx_word' id='word_1_194' title='bbox 1088 3251 1175 3333; x_wconf 83' lang='lat' dir='ltr'>apud</span> 
     </span>
     <span class='ocr_line' id='line_1_28' title="bbox 145 3350 1174 3437; baseline 0.004 -23"><span class='ocrx_word' id='word_1_195' title='bbox 145 3373 255 3415; x_wconf 85' lang='lat' dir='ltr'>omnes</span> <span class='ocrx_word' id='word_1_196' title='bbox 288 3352 339 3415; x_wconf 91' lang='lat' dir='ltr'>bic</span> <span class='ocrx_word' id='word_1_197' title='bbox 366 3351 549 3417; x_wconf 74' lang='lat' dir='ltr'>venerabile</span> <span class='ocrx_word' id='word_1_198' title='bbox 581 3364 640 3417; x_wconf 79' lang='lat' dir='ltr'>est.</span> <span class='ocrx_word' id='word_1_199' title='bbox 685 3353 774 3434; x_wconf 82' lang='lat' dir='ltr'>Quid</span> <span class='ocrx_word' id='word_1_200' title='bbox 804 3362 915 3437; x_wconf 79' lang='lat' dir='ltr'>agatur</span> <span class='ocrx_word' id='word_1_201' title='bbox 947 3350 1019 3416; x_wconf 84' lang='lat' dir='ltr'>istic</span> <span class='ocrx_word' id='word_1_202' title='bbox 1035 3350 1174 3428; x_wconf 70' lang='lat' dir='ltr'>,iacies</span> 
     </span>
     <span class='ocr_line' id='line_1_29' title="bbox 144 3450 1175 3538; baseline 0.001 -23"><span class='ocrx_word' id='word_1_203' title='bbox 144 3473 252 3536; x_wconf 76' lang='lat' dir='ltr'>opera</span> <span class='ocrx_word' id='word_1_204' title='bbox 272 3451 426 3535; x_wconf 89' lang='lat' dir='ltr'>pretium,</span> <span class='ocrx_word' id='word_1_205' title='bbox 454 3454 483 3515; x_wconf 83' lang='lat' dir='ltr'>ri</span> <span class='ocrx_word' id='word_1_206' title='bbox 500 3450 719 3536; x_wconf 80' lang='lat' dir='ltr'>copiosissime</span> <span class='ocrx_word' id='word_1_207' title='bbox 739 3454 802 3518; x_wconf 84' lang='lat' dir='ltr'>huc</span> <span class='ocrx_word' id='word_1_208' title='bbox 820 3453 1013 3538; x_wconf 73' lang='lat' dir='ltr'>perscribas,</span> <span class='ocrx_word' id='word_1_209' title='bbox 1042 3463 1075 3516; x_wconf 89' lang='lat' dir='ltr'>et</span> <span class='ocrx_word' id='word_1_210' title='bbox 1095 3453 1175 3538; x_wconf 84' lang='lat' dir='ltr'>qrrid</span> 
     </span>
     <span class='ocr_line' id='line_1_30' title="bbox 143 3550 1175 3640; baseline 0.001 -22"><span class='ocrx_word' id='word_1_211' title='bbox 143 3550 178 3618; x_wconf 84' lang='lat' dir='ltr'>tn</span> <span class='ocrx_word' id='word_1_212' title='bbox 198 3572 331 3636; x_wconf 87' lang='lat' dir='ltr'>quoque</span> <span class='ocrx_word' id='word_1_213' title='bbox 352 3552 420 3636; x_wconf 84' lang='lat' dir='ltr'>spei</span> <span class='ocrx_word' id='word_1_214' title='bbox 439 3551 499 3628; x_wconf 86' lang='lat' dir='ltr'>rit,</span> <span class='ocrx_word' id='word_1_215' title='bbox 530 3553 610 3637; x_wconf 89' lang='lat' dir='ltr'>qnid</span> <span class='ocrx_word' id='word_1_216' title='bbox 628 3552 727 3619; x_wconf 88' lang='lat' dir='ltr'>libere</span> <span class='ocrx_word' id='word_1_217' title='bbox 747 3554 885 3640; x_wconf 80' lang='lat' dir='ltr'>quisque</span> <span class='ocrx_word' id='word_1_218' title='bbox 906 3555 1030 3618; x_wconf 85' lang='lat' dir='ltr'>audeat.</span> <span class='ocrx_word' id='word_1_219' title='bbox 1068 3553 1175 3637; x_wconf 77' lang='lat' dir='ltr'>spua-</span> 
     </span>
     <span class='ocr_line' id='line_1_31' title="bbox 143 3652 1176 3736; baseline 0.003 -20"><span class='ocrx_word' id='word_1_220' title='bbox 143 3652 213 3716; x_wconf 86' lang='lat' dir='ltr'>tino</span> <span class='ocrx_word' id='word_1_221' title='bbox 243 3652 449 3732; x_wconf 83' lang='lat' dir='ltr'>scripseram,</span> <span class='ocrx_word' id='word_1_222' title='bbox 482 3654 633 3736; x_wconf 86' lang='lat' dir='ltr'>principis</span> <span class='ocrx_word' id='word_1_223' title='bbox 659 3653 794 3729; x_wconf 88' lang='lat' dir='ltr'>animum</span> <span class='ocrx_word' id='word_1_224' title='bbox 820 3665 855 3717; x_wconf 90' lang='lat' dir='ltr'>ut</span> <span class='ocrx_word' id='word_1_225' title='bbox 888 3656 1087 3735; x_wconf 82' lang='lat' dir='ltr'>exploraret,</span> <span class='ocrx_word' id='word_1_226' title='bbox 1116 3656 1176 3719; x_wconf 88' lang='lat' dir='ltr'>mi·</span> 
     </span>
     <span class='ocr_line' id='line_1_32' title="bbox 144 3751 1174 3837; baseline 0.002 -20"><span class='ocrx_word' id='word_1_227' title='bbox 144 3753 243 3837; x_wconf 86' lang='lat' dir='ltr'>bique</span> <span class='ocrx_word' id='word_1_228' title='bbox 261 3762 411 3835; x_wconf 83' lang='lat' dir='ltr'>quantrnn</span> <span class='ocrx_word' id='word_1_229' title='bbox 427 3751 554 3831; x_wconf 88' lang='lat' dir='ltr'>liceret,</span> <span class='ocrx_word' id='word_1_230' title='bbox 569 3755 662 3816; x_wconf 86' lang='lat' dir='ltr'>eade</span> <span class='ocrx_word' id='word_1_231' title='bbox 675 3777 713 3820; x_wconf 85' lang='lat' dir='ltr'>re</span> <span class='ocrx_word' id='word_1_232' title='bbox 726 3754 948 3835; x_wconf 82' lang='lat' dir='ltr'>perscriberet.</span> <span class='ocrx_word' id='word_1_233' title='bbox 986 3753 1076 3817; x_wconf 86' lang='lat' dir='ltr'>Scire</span> <span class='ocrx_word' id='word_1_234' title='bbox 1088 3755 1174 3820; x_wconf 86' lang='lat' dir='ltr'>enim</span> 
     </span>
     <span class='ocr_line' id='line_1_33' title="bbox 144 3850 1174 3937; baseline 0.001 -20"><span class='ocrx_word' id='word_1_235' title='bbox 144 3854 265 3936; x_wconf 88' lang='lat' dir='ltr'>cupio,</span> <span class='ocrx_word' id='word_1_236' title='bbox 302 3850 382 3937; x_wconf 83' lang='lat' dir='ltr'>qnid</span> <span class='ocrx_word' id='word_1_237' title='bbox 410 3851 444 3914; x_wconf 89' lang='lat' dir='ltr'>in</span> <span class='ocrx_word' id='word_1_238' title='bbox 471 3851 542 3933; x_wconf 83' lang='lat' dir='ltr'>ipro</span> <span class='ocrx_word' id='word_1_239' title='bbox 567 3853 707 3936; x_wconf 81' lang='lat' dir='ltr'>praesidii</span> <span class='ocrx_word' id='word_1_240' title='bbox 730 3852 780 3917; x_wconf 88' lang='lat' dir='ltr'>sit.</span> <span class='ocrx_word' id='word_1_241' title='bbox 818 3854 892 3916; x_wconf 86' lang='lat' dir='ltr'>Non</span> <span class='ocrx_word' id='word_1_242' title='bbox 917 3852 976 3916; x_wconf 89' lang='lat' dir='ltr'>tibi</span> <span class='ocrx_word' id='word_1_243' title='bbox 1002 3854 1087 3918; x_wconf 88' lang='lat' dir='ltr'>enim</span> <span class='ocrx_word' id='word_1_244' title='bbox 1110 3854 1174 3934; x_wconf 83' lang='lat' dir='ltr'>jam</span> 
     </span>
     <span class='ocr_line' id='line_1_34' title="bbox 143 3951 1174 4036; baseline -0.002 -17"><span class='ocrx_word' id='word_1_245' title='bbox 143 3956 207 4020; x_wconf 89' lang='lat' dir='ltr'>boc</span> <span class='ocrx_word' id='word_1_246' title='bbox 224 3952 343 4018; x_wconf 82' lang='lat' dir='ltr'>habere</span> <span class='ocrx_word' id='word_1_247' title='bbox 365 3951 529 4035; x_wconf 83' lang='lat' dir='ltr'>cognitum</span> <span class='ocrx_word' id='word_1_248' title='bbox 550 3953 685 4031; x_wconf 82' lang='lat' dir='ltr'>videor,</span> <span class='ocrx_word' id='word_1_249' title='bbox 702 3955 760 4017; x_wconf 85' lang='lat' dir='ltr'>sed</span> <span class='ocrx_word' id='word_1_250' title='bbox 779 3952 819 4017; x_wconf 85' lang='lat' dir='ltr'>iis</span> <span class='ocrx_word' id='word_1_251' title='bbox 836 3952 945 4029; x_wconf 79' lang='lat' dir='ltr'>crim,</span> <span class='ocrx_word' id='word_1_252' title='bbox 966 3955 1022 4036; x_wconf 86' lang='lat' dir='ltr'>qui</span> <span class='ocrx_word' id='word_1_253' title='bbox 1046 3974 1174 4018; x_wconf 89' lang='lat' dir='ltr'>manum</span> 
     </span>
     <span class='ocr_line' id='line_1_35' title="bbox 145 4051 1174 4140; baseline -0.003 -19"><span class='ocrx_word' id='word_1_254' title='bbox 145 4056 311 4140; x_wconf 79' lang='lat' dir='ltr'>opponere</span> <span class='ocrx_word' id='word_1_255' title='bbox 330 4071 364 4117; x_wconf 86' lang='lat' dir='ltr'>et</span> <span class='ocrx_word' id='word_1_256' title='bbox 381 4073 466 4120; x_wconf 85' lang='lat' dir='ltr'>arma</span> <span class='ocrx_word' id='word_1_257' title='bbox 492 4051 568 4117; x_wconf 89' lang='lat' dir='ltr'>huic</span> <span class='ocrx_word' id='word_1_258' title='bbox 590 4056 722 4139; x_wconf 83' lang='lat' dir='ltr'>negotio</span> <span class='ocrx_word' id='word_1_259' title='bbox 748 4054 869 4117; x_wconf 77' lang='lat' dir='ltr'>rotent.</span> <span class='ocrx_word' id='word_1_260' title='bbox 911 4055 1008 4136; x_wconf 80' lang='lat' dir='ltr'>Quod</span> <span class='ocrx_word' id='word_1_261' title='bbox 1034 4052 1115 4116; x_wconf 83' lang='lat' dir='ltr'>insta</span> <span class='ocrx_word' id='word_1_262' title='bbox 1140 4063 1174 4118; x_wconf 82' lang='lat' dir='ltr'>ot</span> 
     </span>
     <span class='ocr_line' id='line_1_36' title="bbox 145 4153 1174 4239; baseline -0.001 -20"><span class='ocrx_word' id='word_1_263' title='bbox 145 4158 228 4239; x_wconf 85' lang='lat' dir='ltr'>ipse,</span> <span class='ocrx_word' id='word_1_264' title='bbox 249 4177 309 4220; x_wconf 94' lang='lat' dir='ltr'>oro</span> <span class='ocrx_word' id='word_1_265' title='bbox 329 4167 373 4220; x_wconf 88' lang='lat' dir='ltr'>te.</span> <span class='ocrx_word' id='word_1_266' title='bbox 410 4154 521 4219; x_wconf 85' lang='lat' dir='ltr'>Nescis</span> <span class='ocrx_word' id='word_1_267' title='bbox 540 4155 642 4233; x_wconf 88' lang='lat' dir='ltr'>enim,</span> <span class='ocrx_word' id='word_1_268' title='bbox 663 4163 817 4238; x_wconf 88' lang='lat' dir='ltr'>qnantum</span> <span class='ocrx_word' id='word_1_269' title='bbox 834 4154 978 4218; x_wconf 77' lang='lat' dir='ltr'>futurum</span> <span class='ocrx_word' id='word_1_270' title='bbox 996 4153 1037 4215; x_wconf 83' lang='lat' dir='ltr'>sit</span> <span class='ocrx_word' id='word_1_271' title='bbox 1054 4153 1088 4215; x_wconf 88' lang='lat' dir='ltr'>in</span> <span class='ocrx_word' id='word_1_272' title='bbox 1106 4173 1174 4218; x_wconf 80' lang='lat' dir='ltr'>rem</span> 
     </span>
     <span class='ocr_line' id='line_1_37' title="bbox 147 4253 1173 4340; baseline 0 -22"><span class='ocrx_word' id='word_1_273' title='bbox 147 4269 303 4334; x_wconf 86' lang='lat' dir='ltr'>nostram,</span> <span class='ocrx_word' id='word_1_274' title='bbox 327 4257 356 4319; x_wconf 85' lang='lat' dir='ltr'>si</span> <span class='ocrx_word' id='word_1_275' title='bbox 372 4257 425 4320; x_wconf 83' lang='lat' dir='ltr'>vel</span> <span class='ocrx_word' id='word_1_276' title='bbox 452 4255 572 4319; x_wconf 87' lang='lat' dir='ltr'>anxilio</span> <span class='ocrx_word' id='word_1_277' title='bbox 590 4256 660 4340; x_wconf 86' lang='lat' dir='ltr'>ipsc</span> <span class='ocrx_word' id='word_1_278' title='bbox 679 4253 803 4317; x_wconf 82' lang='lat' dir='ltr'>armatis</span> <span class='ocrx_word' id='word_1_279' title='bbox 820 4275 891 4318; x_wconf 88' lang='lat' dir='ltr'>esse</span> <span class='ocrx_word' id='word_1_280' title='bbox 910 4254 1001 4328; x_wconf 80' lang='lat' dir='ltr'>volit,</span> <span class='ocrx_word' id='word_1_281' title='bbox 1027 4254 1078 4315; x_wconf 87' lang='lat' dir='ltr'>vei</span> <span class='ocrx_word' id='word_1_282' title='bbox 1096 4273 1173 4318; x_wconf 89' lang='lat' dir='ltr'>con·</span> 
     </span>
    </p>
   </div>
   <div class='ocr_carea' id='block_1_4' title="bbox 147 4352 1173 4440">
    <p class='ocr_par' dir='ltr' id='par_1_4' title="bbox 147 4352 1173 4440">
     <span class='ocr_line' id='line_1_38' title="bbox 147 4352 1173 4440; baseline 0.001 -23"><span class='ocrx_word' id='word_1_283' title='bbox 147 4354 258 4419; x_wconf 82' lang='lat' dir='ltr'>nivere</span> <span class='ocrx_word' id='word_1_284' title='bbox 277 4357 317 4419; x_wconf 88' lang='lat' dir='ltr'>ad</span> <span class='ocrx_word' id='word_1_285' title='bbox 337 4357 503 4440; x_wconf 80' lang='lat' dir='ltr'>pulchrum</span> <span class='ocrx_word' id='word_1_286' title='bbox 521 4356 668 4429; x_wconf 66' lang='lat' dir='ltr'>tamnus:</span> <span class='ocrx_word' id='word_1_287' title='bbox 700 4358 762 4420; x_wconf 90' lang='lat' dir='ltr'>boc</span> <span class='ocrx_word' id='word_1_288' title='bbox 787 4366 858 4434; x_wconf 86' lang='lat' dir='ltr'>est,</span> <span class='ocrx_word' id='word_1_289' title='bbox 886 4365 923 4420; x_wconf 92' lang='lat' dir='ltr'>nt</span> <span class='ocrx_word' id='word_1_290' title='bbox 948 4352 1041 4416; x_wconf 85' lang='lat' dir='ltr'>nobis</span> <span class='ocrx_word' id='word_1_291' title='bbox 1072 4353 1173 4433; x_wconf 84' lang='lat' dir='ltr'>liceat,</span> 
     </span>
    </p>
   </div>
   <div class='ocr_carea' id='block_1_5' title="bbox 0 0 1326 5086">
    <p class='ocr_par' dir='ltr' id='par_1_5' title="bbox 0 0 1326 5086">
     <span class='ocr_line' id='line_1_39' title="bbox 0 0 1326 5086; baseline 0 0"><span class='ocrx_word' id='word_1_292' title='bbox 0 0 1326 5086; x_wconf 95' lang='lat' dir='ltr'> </span> 
     </span>
    </p>
   </div>
  </div>
 </body>
</html>
