2632 5086
215 758 286 839 ⁶22
496 749 738 853 Inspicicntes
766 748 954 853 Dialogus.

671 945 767 1010 Sol.-

292 1047 339 1111 lta
357 1048 495 1123 vegetis,
523 1058 556 1109 et
574 1046 656 1109 bene
681 1043 810 1119 habilina
835 1054 872 1107 nt
889 1056 982 1109 extra
1003 1046 1107 1111 nulli..
1126 1046 1239 1129 ,Quin-

214 1148 308 1211 etiam
335 1149 473 1210 medicos
500 1146 732 1209 Germanorum
758 1146 819 1209 soli
841 1143 991 1227 ignorant
1015 1145 1070 1222 ni,
1099 1167 1238 1227 perraro

139 1252 156 1293 -’
214 1259 402 1331 aegrotantes
417 1246 553 1331 alioqui,
574 1257 606 1312 et
618 1247 852 1328 jureconsultos
869 1244 1019 1310 exibilant
1031 1265 1147 1332 magno
1161 1264 1238 1311 cum

214 1358 409 1430 contemptu.

149 1426 154 1441 ⁸
608 1448 716 1511 Pha'e'
722 1448 785 1509 tho
793 1468 825 1510 n.

289 1549 418 1612 Interim
436 1547 486 1631 jus
506 1549 669 1633 quomodo
688 1546 823 1610 dicunt?

671 1648 761 1713 Sol.

289 1748 356 1810 Suo
377 1748 517 1831 quodam
535 1736 711 1832 antiquitus'
725 1747 860 1828 repetito
879 1767 986 1824 more,
1011 1749 1172 1825 consulte,
1197 1755 1237 1811 tat

195 1846 317 1911 -minus
339 1847 461 1928 injurias
485 1868 641 1931 nusquam
659 1847 751 1911 facile
777 1847 933 1924 invenias,
959 1847 1003 1912 ita
1021 1869 1082 1930 pro
1109 1849 1235 1931 scriptis

213 1944 337 2031 legibus
363 1947 507 2012 consueti
535 1964 641 2012 mores
663 1959 746 2011 sunt.
895 1936 909 1963 ⁶

607 2046 826 2111 Pha'c'thon.

289 2145 411 2210 Mirum
428 2147 462 2208 ni
481 2144 559 2210 dicis
579 2144 731 2210 ebrietate
751 2148 896 2210 meliores
915 2148 985 2212 lieri
1004 2149 1073 2213 hos.

674 2247 730 2310 So
743 2250 763 2309 Ι.

289 2346 362 2410 Hoc
380 2367 448 2408 non
469 2345 543 2409 dico
563 2346 708 2429 quidem,
737 2345 813 2410 illud
831 2366 911 2412 vero
930 2349 995 2429 ipsa
1013 2347 1149 2411 ostendit
1165 2368 1231 2422 res,

214 2448 310 2512 multa
325 2447 435 2511 melius
451 2447 556 2509 lacere
578 2467 650 2521 eos,
673 2467 765 2530 qnam
779 2448 860 2510 ullos
876 2449 953 2510 alios
970 2445 1113 2521 sobrios,
1133 2450 1232 2511 multa

91 2635 94 2639 ·
214 2547 401 2630 prudentius
440 2546 622 2628 disponere.
669 2548 855 2630 Sequuntur
889 2560 992 2610 autem
1024 2547 1235 2628 proverbium

138 2660 142 2667 ’
215 2647 377 2729 quoddam
395 2648 480 2726 apud
499 2668 533 2709 sc
553 2647 764 2730 divulgatum:
796 2648 954 2711 (lemane
983 2647 1165 2723 cumdium,
1192 2649 1235 2713 de

214 2758 349 2826 vespere
367 2746 568 2822 convivium
587 2768 658 2810 nam
672 2767 691 2809 a
706 2747 780 2809 cilio
800 2748 832 2809 in
852 2750 979 2810 multem
993 2769 1095 2831 usque
1107 2760 1234 2812 noctem

214 2843 402 2925 perhibitur,
423 2866 513 2909 mane
533 2848 574 2913 de
592 2847 771 2932 republica,
800 2859 832 2912 ct
851 2845 1001 2931 gravibus
1024 2846 1162 2930 negotiis
1186 2846 1235 2930 je·

215 2942 286 3025 juni
305 2947 491 3008 consultant.

611 3047 717 3111 Phae
724 3049 790 3112 tho
798 3069 830 3111 n.

289 3145 400 3227 ltaque
420 3166 487 3209 non
504 3146 620 3222 video,
649 3146 726 3231 quid
745 3148 854 3212 hibere
875 3169 932 3211 eos
954 3149 1140 3231 prohibeat,
1165 3147 1233 3211 lor·

101 3232 122 3245 ⁸
214 3253 298 3309 tasse
330 3245 414 3308 enim
432 3245 466 3310 in
489 3257 631 3311 namnam
656 3247 777 3311 transiit
800 3250 998 3312 consuetudo
1018 3252 1099 3324 hec,
1130 3263 1166 3311 ut
1191 3249 1234 3312 si·

216 3344 345 3425 qnando
364 3343 444 3408 ebrii
466 3364 537 3410 esse
561 3345 728 3432 incipiant,
758 3358 860 3412 metus
884 3347 989 3412 sitne
1013 3358 1099 3412 recte
1123 3348 1234 3412 vivere

217 3441 370 3508 domant.

676 3548 766 3612 Sol.

289 3642 449 3708 Fortasse.

613 3748 830 3813 Pha'e'tlion.

292 3843 357 3908 Sed
375 3866 418 3908 nx
436 3844 533 3911 ebriis
558 3848 619 3912 soli
644 3851 765 3931 placent
789 3835 840 3924 hi,
871 3871 956 3914 nunc
980 3850 1061 3915 alios
1088 3851 1163 3915 item
1186 3851 1234 3913 in·

189 3944 393 4041 'spiciamus
433 3946 595 4026 Quosdam
627 3949 765 4014 lavantes
796 3949 892 4011 video
924 3952 1105 4034 promiscue
1133 3951 1234 4028 viros,

211 4038 251 4109 ¹ct
265 4045 430 4121 madieres,
464 4066 536 4110 cum
553 4048 646 4113 nudis
668 4049 794 4128 nudos,
823 4070 939 4133 magno
957 4052 1056 4117 credo
1081 4071 1154 4124 cum
1172 4074 1234 4136 pu·

216 4144 303 4211 doris
323 4145 511 4211 detrimento
530 4145 591 4210 sni.

675 4247 764 4313 Sol.

289 4344 391 4413 Immo
412 4358 520 4429 autem
532 4350 632 4415 nullo.
