2632 5086
197 749 273 858 lot
456 780 562 857 Trina
584 778 753 853 Romana
780 777 968 879 Dialogus.

198 976 299 1043 afflruc
326 984 396 1036 orat
419 971 577 1036 ecclesia?
606 970 652 1034 sic
670 970 758 1036 enim
771 970 824 1034 tila
849 973 972 1055 plorat:
1003 954 1139 1037 Oramus¹
1160 997 1222 1056 pro

196 1094 278 1158 papa
292 1085 403 1137 nostro
417 1074 549 1147 Leone,
571 1071 728 1135 Dominus
746 1085 916 1137 conservet
927 1094 1017 1153 eum,
1037 1084 1069 1138 et
1082 1074 1225 1141 vinacei

197 1197 286 1253 eum,
307 1186 339 1237 et
357 1175 486 1240 beatum
503 1174 598 1237 taciat
615 1182 689 1237 euni
707 1174 741 1236 in
761 1174 865 1238 terris.

610 1275 677 1336 Hu
690 1286 703 1336 t
716 1286 729 1336 t
742 1294 806 1337 en.

252 1377 370 1458 ,immo
391 1374 469 1458 quid
488 1375 614 1437 illorum
633 1374 807 1439 convenit?

454 1470 456 1475 ¹
619 1476 809 1540 Ernhold.
944 1535 946 1538 ,
1129 1504 1135 1547 ;

269 1577 343 1639 Hoc
369 1594 448 1640 vern
474 1575 514 1637 ad
531 1572 647 1638 fastum
665 1597 732 1639 non
758 1576 913 1658 pertinet,
942 1578 1031 1660 quod
1051 1550 1225 1659 apidibus

194 1678 260 1744 auis
288 1697 439 1743 coronam
462 1674 654 1756 imperialem
672 1671 799 1741 sumere
818 1677 909 1756 jubet
934 1679 1113 1743 Romanum
1134 1680 1226 1764 prin-

25 1787 30 1804 '
108 1846 111 1852 ,
195 1780 298 1863 cipere
316 1778 413 1842 hodie
432 1776 517 1841 idem
536 1778 588 1841 ille
608 1776 725 1841 Christi
745 1778 908 1843 vicarius?

605 1879 637 1941 H
652 1901 675 1940 u
691 1889 810 1942 tten.

269 1980 413 2044 Primum
438 1978 598 2054 omnium,
627 1980 684 2040 scd
704 1982 859 2062 quosdam
884 1981 980 2043 audio
1001 1980 1128 2056 dicere,
1160 1979 1225 2042 sibi

120 2160 125 2173 .
194 2078 297 2144 tideri
316 2079 443 2143 minime
469 2082 603 2141 laturum
625 2099 694 2141 eam
723 2079 937 2163 indignitatem
962 2079 1133 2155 carolum,
1160 2101 1225 2142 nce

194 2181 291 2264 pedes
313 2179 383 2243 illos
402 2180 605 2262 dignaturum
626 2183 747 2253 osculo.

604 2280 806 2343 Ernhold.

269 2385 367 2466 Quod
387 2382 414 2444 si
432 2381 543 2456 iaciat,
571 2381 650 2465 quid
670 2381 868 2473 merchitnri‘

617 2480 649 2543 H
656 2492 783 2546 utten.

264 2583 308 2647 Ut
333 2604 447 2665 sapere
465 2583 596 2644 muitum
615 2592 761 2664 putetur,
789 2601 889 2666 aeque
915 2602 1129 2662 cognoscere,
1158 2603 1221 2644 nec

190 2681 255 2765 pati
287 2684 461 2744 doctrinam
493 2681 611 2746 Christi
643 2683 831 2759 adulterari,
874 2679 1067 2763 majestatem
1092 2681 1221 2763 imperii

190 2781 330 2846 ludibrio
348 2781 469 2846 haberi.

607 2884 798 2946 Ernhold.

266 2983 393 3048 Scilicet
410 2984 623 3066 panegyricos
637 2995 672 3046 ut
687 2984 728 3045 illi
742 2984 847 3045 dicant
865 2984 1038 3048 doctissimi
1047 2984 1219 3049 homines?

618 3086 782 3147 Huttcn.

256 3186 372 3267 ,thue
392 3188 466 3248 totis
486 3207 559 3248 cunr
577 3185 664 3247 libris
684 3187 871 3248 collaudent.

607 3286 800 3349 Ernhold.
902 3368 907 3375 .

263 3388 306 3450 Et
324 3409 445 3450 caenam
462 3386 496 3449 in
515 3396 694 3466 prytaneo,
714 3398 749 3448 nt
770 3387 800 3448 ei
821 3387 972 3470 adparent
991 3388 1117 3453 Graeci?

619 3488 781 3549 Huttcn.

213 3632 218 3641 ·
262 3591 306 3652 Et
326 3590 488 3652 Germanae
508 3584 658 3648 libertatis
677 3585 836 3649 vindicem
856 3598 892 3649 ut
917 3608 988 3649 curn
1007 3591 1143 3652 salutent
1162 3591 1217 3655 hie

188 3706 314 3768 omnes,
338 3687 494 3771 anulique
512 3697 544 3747 ct
561 3685 709 3748 redeunti
728 3689 914 3750 acclament:
937 3688 1142 3765 Fortissimo,
1161 3690 1216 3772 ju-

187 3786 344 3866 stissimo,
379 3789 557 3863 liberrimo,
587 3808 625 3850 ac
643 3810 720 3851 vere
746 3787 800 3869 pio
812 3834 821 3864 ,
854 3809 997 3874 vereque
1019 3790 1213 3871 Christiano,

186 3894 243 3957 aed
263 3890 433 3957 omittimus
450 3889 582 3951 triadem
599 3890 735 3952 interim.
797 3908 806 3921 ⁶

364 4064 369 4075 ι
596 3990 801 4053 Ernhold.
930 4064 936 4075 ι

260 4088 349 4174 Quid
366 4100 519 4174 preterea
537 4091 696 4154 Vadiscns
717 4092 877 4156 recensuit
894 4093 1016 4177 igitur?

269 4270 272 4275 4
617 4192 782 4256 Hutten.

183 4290 215 4323 ·“
262 4290 340 4381 Tria
358 4293 465 4381 lacere
483 4312 559 4369 eos,
589 4293 645 4374 qrri
673 4292 784 4356 Romae
803 4295 961 4360 otiantur:
995 4295 1209 4383 deambulare,

184 4394 336 4472 scortari,
358 4406 392 4458 et
408 4392 557 4458 conrivia
575 4412 680 4475 agere.
