2632 5086
211 802 288 872 480
472 798 577 872 Trias
602 797 775 871 Romana
798 797 987 899 Dialogus.

621 990 813 1055 Ernhold.

287 1088 396 1172 lpsum
421 1089 478 1154 tibi
510 1091 653 1156 Christus
686 1088 844 1170 ldrtunet,
881 1094 940 1158 sed
968 1090 1126 1157 aTriade
1151 1088 1248 1154 nimis

214 1191 420 1274 digredimur.

650 1296 813 1359 Hutten.

282 1395 351 1456 Nec
374 1395 442 1474 ipse
469 1394 625 1458 Vadiscus
653 1395 766 1475 agebat
784 1399 852 1469 ,hoc
877 1396 1018 1476 parcius,
1050 1405 1083 1456 et
1109 1387 1247 1475 copiose

210 1495 479 1557 commentabatur
499 1516 556 1574 per
575 1495 787 1577 digressiones
807 1500 911 1559 multa.
951 1497 1000 1558 lbi
1013 1516 1111 1569 vero,
1130 1505 1168 1556 ut
1188 1493 1249 1554 vix

207 1594 300 1669 alibi,
332 1595 597 1671 stomachabatur,
636 1593 764 1678 quaudo
794 1597 902 1658 incidit
929 1597 1047 1659 mentio
1077 1596 1117 1657 de
1148 1593 1245 1655 abso-

205 1694 395 1771 lutionibus,
428 1695 693 1772 minationibus,
724 1711 756 1761 et
776 1696 1077 1778 dispensationibus,
1097 1693 1245 1774 indigna-

205 1807 255 1863 tus
275 1798 354 1858 hanc
369 1798 439 1858 illos
460 1797 670 1873 comminisci,
691 1797 773 1863 inter
792 1800 973 1861 sacerdotes
993 1797 1245 1879 inaequalitatem,

204 1904 238 1960 et
256 1898 345 1980 quud
371 1897 497 1958 nimiam
525 1898 569 1959 ibi
597 1898 748 1962 licentiam
773 1911 926 1980 usurpant
946 1898 1006 1959 sibi
1038 1894 1244 1966 Romanistae,

206 2018 224 2059 a
247 1996 456 2078 jurejurando
476 1997 585 2074 etiam,
607 2021 672 2082 quo
691 2021 726 2062 se
747 1999 916 2062 obstrinxit
932 1997 1043 2081 aliquis
1060 1997 1243 2070 liberantes,

206 2110 238 2160 et
257 2116 346 2177 pacta
366 2097 600 2173 rescindentes,
632 2121 667 2160 ac
692 2100 811 2161 loedera
831 2102 1007 2176 solventes,
1036 2111 1068 2159 et
1088 2085 1244 2171 onmiu'm,

204 2219 275 2281 quse
306 2199 458 2261 adversus
485 2197 691 2280 religionem,
736 2213 768 2262 et
798 2200 915 2264 Christi
943 2197 1119 2261 doctrinam
1150 2208 1242 2274 sunt,

204 2304 340 2384 q'ureque
359 2311 469 2362 contra
489 2299 594 2362 bonos
612 2282 732 2375 mores,
761 2302 916 2363 licentiam
934 2301 1121 2381 irrogantes.
1155 2300 1243 2363 Tum

187 2402 237 2464 ·in
256 2399 307 2483 jus
338 2401 528 2464 canonicum
558 2401 700 2462 evomuit
731 2401 931 2464 acerbissime
958 2404 1072 2475 multa,
1102 2393 1196 2484 quod
1211 2412 1244 2464 te
1296 2395 1301 2409 '

203 2498 274 2584 ejus
307 2502 488 2565 consultum
514 2500 624 2564 audire
662 2502 821 2582 oportuit,
873 2502 949 2589 mihi
987 2501 1117 2585 quidem
1148 2502 1243 2564 valde

202 2604 329 2686 placuit.
369 2602 562 2684 Exponebat
575 2603 668 2666 nobis
687 2623 764 2686 quas
782 2602 827 2663 ibi
842 2602 1137 2684 tergiversationes,
1158 2622 1244 2686 quo·

202 2704 301 2765 modo
322 2703 383 2767 sibi
394 2690 648 2783 prospexissent,
670 2725 747 2787 quas
759 2703 905 2765 fraudum
921 2703 1064 2765 materias
1081 2712 1240 2765 contexu-

203 2804 318 2878 luent,
345 2813 381 2865 ut
400 2801 461 2865 sibi
485 2803 583 2866 miros
604 2805 786 2882 cuniculos,
818 2827 875 2885 per
895 2825 976 2887 quos
1004 2816 1168 2887 utcunque
1197 2814 1242 2868 at-

203 2903 314 2965 tentati
333 2904 509 2980 elabantur,
531 2904 755 2986 disposuerint.
804 2905 892 2987 Quid
910 2904 961 2984 jus
982 2905 1088 2980 civile,
1116 2904 1241 2996 inquit,

204 3025 265 3089 qua
284 3004 400 3083 injuria
418 3026 476 3087 per
495 3006 735 3074 coristitutiones
753 3008 808 3071 has
827 3028 1013 3087 oppressum
1033 3005 1137 3087 jacet?
1164 3008 1242 3069 Haec

203 3116 269 3169 erat
297 3103 415 3189 optima
446 3107 498 3168 via
527 3108 658 3190 laqueos
685 3107 848 3188 injiciendi
873 3107 1056 3173 Christianae
1086 3107 1240 3183 libertati,

201 3229 274 3272 nam
300 3229 372 3270 earm
400 3208 462 3271 tria
486 3209 564 3284 sint,
599 3209 715 3292 quibus
746 3209 850 3271 omnia
878 3209 997 3288 subigit
1016 3209 1092 3272 urbs
1115 3210 1240 3292 Roma,

203 3308 253 3384 vi,
290 3321 377 3385 astu,
411 3324 445 3372 et
470 3311 610 3372 simulata
643 3312 817 3385 sarrctltate,
861 3308 908 3371 vis
940 3320 987 3370 est
1014 3310 1079 3370 haec
1107 3309 1241 3393 quidem

201 3411 355 3487 maxima,
377 3411 434 3473 sed
455 3432 521 3491 quae
548 3430 614 3472 non
631 3411 795 3485 valuisset,
823 3409 884 3471 nisi
900 3411 961 3470 hoc
982 3429 1050 3471 eam
1069 3420 1139 3472 astu
1162 3425 1241 3472 tem·

202 3523 383 3590 parassent,
413 3522 449 3573 ut
473 3510 653 3573 hominibus
687 3510 927 3591 persuaderent,
966 3511 1105 3573 ecclesie
1139 3509 1240 3573 totius

203 3632 362 3676 consensu
382 3631 451 3674 esse
471 3611 603 3688 sancita,
625 3634 694 3695 quae
714 3609 857 3694 quotidie
873 3621 1023 3672 statuunt.

593 3713 634 3773 -Ε
648 3712 727 3773 rub
740 3711 821 3774 old.

278 3810 378 3892 Quale
410 3821 457 3872 est
490 3813 551 3874 hoc
578 3809 696 3875 Carolo
718 3833 820 3892 nuper
840 3812 1016 3890 objectum,
1044 3809 1157 3894 nequis
1176 3832 1238 3873 un-

203 3932 298 3996 quam
320 3910 544 3992 Neapolitanus
571 3934 629 3976 rex
654 3912 690 3975 iu
710 3913 889 3978 Romanum
915 3912 1140 3997 imperatorem
1158 3913 1238 3981 deti-

203 4023 308 4097 gutur.

639 4115 807 4178 Hutten.

278 4210 341 4274 Ubi
361 4213 432 4296 quis
452 4233 518 4280 non
537 4214 682 4300 iutelligit
700 4214 778 4300 quid
796 4214 942 4298 captent?
971 4216 1027 4278 sed
1052 4213 1237 4296 hujusmodi

202 4329 316 4375 eorum
334 4313 439 4397 teger,
464 4325 497 4376 et
520 4314 586 4377 aliae
603 4327 677 4377 sunt
698 4315 841 4392 infinite,
875 4338 954 4400 quas
971 4315 1014 4381 illi
1033 4330 1136 4380 tamen
1157 4319 1236 4381 ado·

203 4413 267 4476 rari
286 4416 399 4484 volunt
416 4437 435 4478 a
453 4414 558 4479 nobis.
605 4414 702 4481 Certe
720 4415 868 4501 prolecto
886 4419 988 4498 palam
1000 4419 1089 4492 credi
1108 4421 1232 4496 volunt,
