2632 5086
712 1199 752 1281 ⁰)

305 1335 522 1456 ¹Sebastiano
548 1381 596 1455 de
620 1378 847 1485 ‚Retenlram
879 1378 1003 1477 Equiti
1029 1403 1105 1452 aur.
1133 1383 1168 1455 S.

230 1722 315 1822 Hor
333 1772 521 1841 pertonante
540 1760 574 1822 in
595 1779 645 1821 me
665 1759 786 1821 Decimi
811 1757 931 1820 Leonis
951 1760 1094 1834 tonitnr,
1127 1757 1255 1820 interim

230 1861 306 1943 qnid
322 1873 353 1921 tu
368 1860 471 1924 sacis?
500 1865 571 1941 Qua
587 1882 663 1940 spe,
683 1880 745 1941 <pro
766 1858 947 1920 sannorum
961 1857 1147 1938 conjectura
1160 1858 1256 1937 agis?

227 1962 269 2021 Et
295 1959 351 2022 ista
373 1962 629 2057 qrrandopaudis
650 1971 752 2022 aritern
774 1959 937 2042 quotidie)
959 1978 1031 2041 quia!
1054 1958 1087 2023 in
1117 1980 1169 2021 nie
1198 1959 1255 2019 ab·

228 2073 348 2124 sentem
378 2062 525 2123 (licuntur
548 2061 587 2122 al)
608 2059 823 2121 ecclesiasticis
840 2059 999 2138 patribus,
1029 2057 1107 2142 quid
1134 2060 1255 2120 mutire

227 2161 352 2223 aniles?
390 2160 467 2243 qnid
499 2160 598 2221 libere
615 2158 741 2239 loqui?
779 2161 895 2221 Nonne
913 2158 946 2219 in
967 2171 998 2221 te
1021 2159 1161 2222 Francus
1185 2161 1254 2220 ani·

225 2279 295 2321 mus
331 2260 474 2322 residet?
512 2260 593 2321 avita
610 2258 776 2320 -litrertast
815 2260 888 2319 Non
916 2260 1033 2333 credo,
1067 2261 1108 2343 ita
1139 2259 1251 2320 odisse

228 2359 427 2422 Germaniam
447 2380 600 2441 superos,
627 2373 664 2420 nt
685 2378 751 2419 non
771 2357 896 2438 plurimi
916 2378 950 2418 se
968 2358 1040 2419 rnihi
1059 2355 1248 2436 adjungant,

228 2481 294 2547 qno
315 2461 481 2523 efficiamus
500 2462 583 2535 hoc,
603 2459 692 2542 quod
712 2457 771 2520 nisi
790 2459 973 2539 propediem
992 2459 1046 2532 tu,
1073 2465 1177 2516 netum
1203 2456 1247 2516 ile

227 2561 370 2624 libertate
397 2571 503 2621 nostra
531 2570 597 2634 est,
624 2571 725 2621 actum
752 2558 793 2619 tle
818 2557 992 2621 Christiana
1010 2557 1151 2619 veritate.
1190 2559 1250 2619 llla

228 2663 429 2721 conculcatur
457 2658 560 2731 enim,
591 2660 654 2720 lioc
685 2658 833 2739 imposito
861 2659 962 2741 jugo:
993 2659 1056 2719 haec
1084 2657 1250 2733 aboletur,

227 2758 383 2837 pudendis
400 2756 535 2819 intinctis
550 2757 590 2818 ab
613 2757 669 2821 illis
678 2756 903 2839 impostoribus
916 2759 1020 2838 nugis.
1050 2759 1250 2840 Quamquam

227 2857 254 2918 si
276 2857 446 2933 destituar,
476 2859 559 2920 soler
588 2878 638 2920 me
661 2857 871 2933 conscientia,
903 2870 935 2918 et
961 2857 1151 2938 posteritatis
1182 2878 1251 2938 spe.

227 2958 341 3040 Neque
361 2958 444 3020 enim
465 2958 505 3020 ita
525 2961 683 3036 exstingui
704 2960 764 3020 linc
782 2959 961 3021 iueernlium
982 2969 1105 3039 potest,
1127 2971 1163 3021 nt
1184 2981 1250 3021 non

228 3059 415 3141 aliqnando,
442 3060 473 3122 in
497 3061 660 3123 maximam
690 3062 812 3123 illorum
839 3059 1012 3141 penriciem
1040 3061 1192 3123 atrociter
1210 3062 1250 3122 sit

227 3179 424 3222 exarsurum.
462 3160 619 3243 Perquire
639 3161 722 3238 istic,
743 3161 821 3243 quid
840 3172 970 3242 agatur,
990 3160 1248 3241 diligentissime:

227 3272 258 3320 et
278 3262 360 3341 apud
396 3260 607 3335 nobilitatem,
635 3262 763 3344 qnando
792 3260 862 3323 lieri
889 3261 1157 3340 opportunissime
1179 3275 1250 3342 pot·

226 3370 290 3435 est,
311 3363 351 3423 cle
371 3380 444 3433 me,
466 3363 553 3442 quotl
567 3362 599 3422 iu
620 3385 686 3425 rem
707 3366 785 3426 lianc
804 3368 861 3436 sit,
882 3364 1025 3445 loquere.
1063 3363 1248 3445 Aliquando

224 3481 283 3542 per
305 3460 453 3540 epistolas
478 3481 588 3533 moue,
622 3464 698 3546 qnid
722 3463 847 3526 habeas.
887 3464 982 3543 Aputl
1003 3463 1148 3526 inimicos
1169 3485 1249 3526 vero

224 3582 312 3623 tucos
338 3560 497 3637 urgentem
518 3582 640 3638 meum,
667 3576 698 3626 ct
716 3565 806 3627 fracti
832 3565 1037 3644 persimilem,
1063 3575 1184 3628 melum
1208 3566 1252 3627 si·

224 3663 318 3729 mula.
357 3660 407 3720 Sic
435 3662 488 3722 liet
514 3661 617 3738 cirini,
652 3676 687 3726 nt
711 3684 761 3728 me
787 3676 989 3727 contemnant
1008 3665 1068 3727 isti.
1107 3668 1250 3746 Questus

224 3781 292 3823 sitm
329 3759 448 3827 Carolo
482 3762 615 3843 principi
642 3765 681 3825 de
712 3762 825 3845 injuria
860 3777 889 3827 et
918 3765 1080 3828 atrocitate
1110 3767 1251 3830 Romani

225 3860 388 3942 episcopi,
427 3861 566 3926 vincnrm
592 3885 642 3926 mc
672 3867 806 3928 Romam
832 3865 948 3928 oilduci
973 3867 1012 3929 atl
1038 3887 1072 3929 se
1099 3869 1250 3949 petentis.

225 3963 354 4041 Qrieror
372 3975 404 4022 ct
427 3963 618 4044 principibus
646 3970 832 4050 populoque
860 3969 1053 4033 Germaniae.
1085 3991 1153 4031 non
1181 3991 1251 4053 qno

224 4061 298 4124 milii
326 4062 473 4141 timeam,
513 4067 569 4128 sed
598 4081 633 4128 nt
657 4069 704 4130 rei
735 4069 876 4131 novitate
906 4073 1020 4148 (solnm
1050 4069 1134 4130 enim
1166 4091 1253 4131 nun·

225 4183 318 4246 quam
338 4165 422 4246 prius
443 4165 568 4243 experti
593 4178 666 4227 saint
685 4169 745 4228 lroe
765 4169 968 4246 llomanistrc)
987 4173 1158 4251 multorum
1181 4171 1253 4234 aui·

224 4285 292 4326 mos
323 4267 362 4331 ael
389 4266 605 4327 uindicandam
632 4287 830 4333 communem
859 4273 1033 4333 libertatem
1065 4273 1252 4336 accendam.

224 4363 372 4445 lmplornt
391 4365 442 4425 ille
459 4365 620 4429 brachium
639 4373 786 4438 saeorrlare
797 4397 805 4447 ;
827 4395 889 4457 ego
908 4374 1037 4437 Domini
1057 4383 1168 4435 eornm
1183 4376 1253 4438 vir·
