2632 5086
368 682 474 761 Trite
497 684 667 763 Romana
689 684 877 787 Dialogut.
1061 691 1132 777 137
1158 633 1162 639 Ι

526 878 718 941 Ernhold.

181 985 289 1065 Atque
310 985 374 1046 haec
392 991 466 1045 cunt
479 979 537 1045 tria
555 979 624 1055 illa,
645 998 785 1063 quorum
803 977 864 1044 tub
880 991 1036 1062 pretextu
1053 983 1132 1047 tunt

109 1085 302 1146 exactiones.
481 1160 483 1164 ,

536 1183 704 1244 Hutten.

185 1283 259 1342 Haec
277 1283 360 1362 ipsa,
382 1281 648 1364 quemadmodum
664 1304 766 1363 nuper
783 1285 875 1365 plane
892 1282 1015 1350 divinas
1032 1297 1132 1375 trane·-

108 1383 259 1445 miserunt
278 1383 310 1445 in
334 1382 534 1446 Germaniam
553 1382 733 1458 facultates,
752 1387 937 1448 mentientes
955 1387 1131 1468 pecuniam,

110 1505 178 1564 quc
205 1484 420 1558 tribueretur,
452 1484 613 1565 pertinere
638 1484 677 1543 ad
704 1483 769 1546 divi
798 1484 886 1547 Petri
917 1485 1049 1561 Rome,
1080 1489 1139 1555 cui.

109 1583 310 1646 fundamenta
334 1584 409 1661 jecit
436 1582 479 1646 ll.
498 1585 619 1660 Julius,
645 1583 891 1655 extructionem.
1140 1656 1146 1667 ι

526 1685 723 1747 Ernhold.
1132 1730 1146 1761 ,

185 1782 283 1861 Quod
302 1782 329 1845 si
348 1803 460 1845 verum
481 1799 564 1847 esset
583 1787 645 1865 hoc
663 1784 774 1860 etiam,
799 1792 831 1845 et
850 1784 884 1846 in
902 1784 1022 1849 nullum
1041 1782 1143 1863 atium

109 1892 289 1943 verteretur
310 1904 418 1957 usum,
451 1883 529 1966 quid
548 1897 713 1965 oporteret
732 1885 847 1967 nostris
868 1899 972 1946 umen
990 1882 1135 1965 pecuniir

110 1982 252 2043 Romana
273 1984 415 2045 construi
442 1986 582 2066 templa?
614 1998 666 2059 aut
690 2007 747 2048 cur
766 2006 834 2047 non
852 1983 959 2064 potius
982 1983 1016 2046 in
1036 1984 1145 2053 divite,

111 2080 196 2143 ltalia
217 2084 430 2145 emendicetur·
449 2086 567 2167 aliquid
583 2087 626 2148 ad
643 2090 725 2149 hanc
742 2082 912 2166 pietatem?
930 2085 982 2145 vel
1002 2084 1143 2165 templo·-

109 2203 176 2242 rum
203 2204 269 2244 non
298 2186 371 2249 satis
392 2200 440 2249 est
462 2188 495 2248 in
521 2188 706 2262 Germania,
738 2206 808 2269 quar
832 2185 969 2264 collapsa
991 2204 1073 2264 opus
1094 2184 1135 2247 rit

107 2283 299 2345 restaurari?
316 2309 384 2350 nou
402 2289 501 2370 pudet
520 2291 572 2350 vel
584 2299 694 2370 petere
708 2288 770 2349 hoc
788 2284 914 2347 anobis
930 2282 1142 2364 pontificem?¹

545 2389 715 2450 Hutten.
739 2452 743 2459 ,

181 2481 343 2559 Puderet,
364 2485 391 2548 si
410 2486 502 2551 uttiur
519 2485 713 2566 indignitatis
732 2495 819 2574 estet
838 2483 923 2566 apud
942 2498 1136 2565 quemquam

108 2582 217 2643 Romae
257 2584 373 2662 pudor.
429 2586 603 2667 Expeditio
637 2602 744 2650 autem
774 2583 809 2647 in
843 2583 966 2646 Turcttt
1003 2580 1144 2671 quando,

108 2681 286 2758 procedit?

524 2787 722 2850 Ernhold.

184 2881 284 2942 immo
295 2881 421 2964 quoties
439 2883 565 2961 abillis,
586 2908 626 2947 ne
638 2884 845 2969 procederet,
865 2880 1016 2962 impedite
1028 2882 1098 2945 eet?

523 2988 556 3048 H
569 3009 591 3049 u
606 2999 619 3049 t
632 2998 645 3047 t
661 3006 681 3046 e
696 3006 728 3047 n.

184 3083 225 3142 Et
246 3083 361 3146 animas
381 3097 417 3146 ut
438 3085 557 3149 beant?

529 3186 719 3250 Ernhold.
791 3263 792 3266 Ἴ

179 3282 319 3345 Bearent
339 3305 418 3346 vero
444 3285 578 3348 aliorum
601 3287 736 3361 animas,
764 3281 821 3367 qui
848 3290 922 3345 eunt
941 3276 1004 3361 ipsi
1023 3301 1041 3341 a
1059 3297 1144 3345 vero.

108 3379 302 3445 beatitudine
322 3395 384 3446 tam
403 3384 521 3449 alieni?
539 3387 635 3450 immo
656 3385 713 3471 qui
731 3393 805 3450 eunt
825 3382 865 3448 eb
886 3381 973 3447 omni
996 3381 1043 3446 eie
1060 3400 1137 3463 pro·

109 3475 203 3539 bitate
223 3480 392 3545 derelicti?

532 3587 704 3651 Hutten.

189 3679 238 3739 Ea
258 3700 384 3756 moves,
414 3705 483 3766 que
504 3708 571 3750 non
593 3688 754 3768 patiuntur
779 3686 815 3749 in
833 3706 869 3749 ce
893 3703 1006 3748 verum
1024 3677 1099 3744 dici.

516 3786 735 3851 Ernltold.
789 3842 797 3855 ι

187 3882 265 3961 Quae
285 3895 358 3942 aunt
377 3879 457 3947 illa?

519 3985 551 4048 Η
563 4008 586 4048 ιι
600 3998 612 4049 t
625 3998 637 4048 t
651 3989 670 4050 'e
682 4008 713 4049 n.

198 4082 338 4146 Vadisco
357 4083 517 4148 referente
543 4087 622 4151 tria:
651 4090 811 4150 Romanus
840 4083 1007 4167 pontifex,
1033 4081 1135 4143 indul·

111 4182 249 4260 gentiae,
280 4194 333 4261 et,
365 4207 435 4268 quae
464 4187 581 4270 cuique
607 4189 819 4251 emolumento
847 4195 895 4249 est
920 4186 1053 4255 Rome,
1079 4181 1135 4243 im·

114 4280 265 4357 probitas.
