2632 5086
214 759 287 834 tlt
479 753 585 829 Trias
607 748 773 827 Romana
797 734 984 853 Dialogus.

643 946 815 1010 Hutten.
919 982 923 997 ·

290 1054 332 1118 Et
350 1049 444 1113 armis
462 1046 568 1113 vtdisti
585 1047 689 1130 ipsum
709 1046 857 1128 superius
881 1044 1009 1109 lulium.

434 1226 438 1233 ,
627 1163 849 1233 Ernhold.,

286 1266 394 1350 ipsum
428 1275 476 1327 tot
482 1250 650 1351 ¹‚bominum
662 1264 755 1328 millia
768 1284 840 1325 cum
859 1262 1024 1344 perderet,
1045 1261 1170 1343 <prolem
1182 1254 1240 1325 Dii

211 1367 290 1430 boni
327 1364 503 1439 hominem,
537 1376 589 1426 aut
619 1364 726 1449 potius
759 1365 851 1447 quale
882 1361 1018 1424 hominis
1043 1369 1238 1440 portentum,

213 1469 305 1530 vultu
324 1477 424 1542 teter,
454 1465 603 1543 adspectu
624 1467 839 1539 truculentus,
867 1460 1049 1544 peropima
1076 1458 1240 1535 terribilis,

214 1568 410 1642 horrendus,
437 1576 469 1630 ct
489 1564 651 1630 immanis

639 1680 810 1743 Hutten.

288 1782 353 1866 Qui
381 1805 453 1847 curn
479 1782 546 1847 tulis
568 1791 652 1845 esset
684 1794 839 1867 autorque
868 1785 959 1845 lieret
984 1779 1057 1843 belli
1084 1778 1239 1852 omnium,

213 1906 285 1971 qum
302 1884 433 1947 fuerunt
452 1882 726 1967 perniciosissimi,
747 1894 858 1964 utpote
874 1885 906 1944 in
927 1883 1015 1966 quod
1040 1879 1240 1943 Christianos

212 1985 356 2069 undique
377 1982 532 2067 principes
563 1982 804 2056 connexuisset,
837 1983 918 2044 inter
937 2004 971 2047 se
991 1981 1162 2044 comminui
1192 1980 1241 2043 sa·

212 2083 320 2159 ciens,
350 2104 445 2148 nemo
477 2100 573 2147 ausus
607 2094 656 2146 est
684 2094 787 2147 tumen
817 2086 984 2147 reclamare
1010 2079 1052 2145 illi
1064 2127 1073 2157 ,
1109 2085 1160 2145 vel
1189 2084 1240 2149 his

213 2166 342 2247 verbis:

282 2293 369 2367 Quid
387 2293 520 2349 miseros
541 2294 634 2347 toties
654 2294 689 2347 in
711 2301 824 2363 aperta
838 2293 982 2365 pericula
1005 2297 1086 2348 citus

280 2385 442 2458 Projicis,
460 2384 572 2443 olatio
591 2392 686 2455 caput
702 2384 834 2455 horum,
855 2396 882 2443 ct
903 2406 1001 2442 cucuso
1020 2388 1203 2446 tortor-mn?

631 2502 658 2562 E
668 2522 712 2561 rn
719 2501 739 2562 h
747 2502 783 2560 ol
794 2501 826 2562 d.

289 2603 408 2675 Nemo,
425 2600 482 2661 sed
501 2601 603 2663 solum
616 2619 724 2661 omncs
745 2601 911 2674 timebunt,
932 2623 1045 2665 serum
1065 2601 1240 2667 occidentis

211 2700 379 2781 imperium
398 2700 425 2763 si
442 2700 539 2761 donat
559 2696 760 2763 Constantini
776 2701 993 2783 privilegium,
1018 2701 1136 2764 Corolo
1155 2700 1243 2780 peri·

211 2802 318 2863 culum
346 2810 413 2874 est,
443 2819 484 2860 ue
511 2800 595 2863 houd
623 2800 741 2885 aliquid
767 2821 879 2863 eorum
906 2804 955 2863 vel
977 2825 1046 2885 quae
1066 2802 1241 2866 hereditate

212 2898 436 2974 obvenerunt,
466 2901 517 2961 vel
545 2899 580 2965 in
609 2921 747 2985 quorum
776 2902 1010 2965 successionem
1037 2903 1156 2964 electus
1176 2901 1241 2979 jam

211 3009 278 3077 cst,
304 3000 476 3081 possideat.

628 3118 808 3180 Hutten.

283 3216 322 3280 Si
345 3216 682 3280 reverendissimorum
711 3219 820 3280 Romo
848 3217 968 3296 judicio
999 3229 1131 3300 agatur,
1164 3218 1241 3281 nihil

213 3316 408 3399 possidebit:
429 3332 505 3379 sunt
523 3316 607 3379 enim
628 3318 764 3380 ecclesiae
785 3319 899 3380 onmia.

630 3434 684 3494 Er
695 3454 715 3493 n
725 3436 745 3495 h
753 3454 773 3495 o
782 3436 790 3493 l
800 3435 832 3495 d.

287 3530 389 3613 Igitur
416 3530 507 3594 nimis
534 3532 633 3594 credo
658 3531 802 3595 liberales
829 3534 960 3597 suerunt
984 3535 1108 3614 priores
1134 3536 1241 3613 ponti-

210 3634 304 3707 fices,
327 3632 382 3714 qui
404 3651 468 3692 non
489 3632 614 3707 omnia,
636 3634 785 3715 quaesibi
806 3634 922 3696 tlonntu
937 3651 1029 3709 sunt,
1049 3637 1241 3697 verulicave·

208 3744 307 3808 runt,
331 3732 389 3795 sed
412 3732 519 3811 paucis
542 3732 683 3795 contenti
707 3733 836 3815 regibus
866 3734 924 3797 olio
943 3736 1174 3815 permiserunt,
1208 3744 1241 3794 et

209 3832 435 3917 imperatorem
453 3832 487 3895 in
505 3834 581 3911 hac,
607 3834 882 3919 quantulacunque
902 3846 967 3910 est,
988 3835 1136 3918 portione
1155 3834 1240 3915 possi

210 3944 285 3999 sunt
305 3933 438 3997 herere.

640 4050 806 4113 Hutten.

280 4150 354 4213 Non
379 4149 546 4215 liberalitas
576 4150 713 4226 caluit,
744 4151 801 4212 sed
820 4151 1024 4213 imbecillitas.
1069 4151 1241 4213 Timebant

208 4248 310 4324 enim,
330 4269 402 4312 cum
430 4251 568 4333 primum
597 4251 802 4315 donationem
831 4252 911 4314 hanc
937 4251 1183 4327 ementirontnr,
1213 4253 1241 4314 si

207 4348 283 4412 nibil
309 4350 351 4413 dc
377 4371 415 4412 cu
440 4350 657 4426 remitterent,
688 4351 867 4414 unanimem
892 4372 1004 4430 regum
1026 4353 1176 4416 adversus
1205 4372 1240 4413 se
