2632 5086
136 750 209 821 1232
392 744 498 819 Trias
522 742 691 819 Romana
713 743 903 843 Dialogus.

139 936 326 1018 Gennsnia,
345 956 594 1023 processumque
612 933 673 1021 jam
693 957 733 1001 eo
752 936 904 1014 licentia,
923 947 960 1001 ut
977 937 1095 1022 quibus
1110 957 1170 1021 per

138 1037 300 1116 trandent,
319 1051 352 1103 et
369 1039 512 1103 lactando
532 1039 694 1121 emulgere
713 1039 788 1103 nihil
808 1051 959 1119 possunt,
983 1040 1022 1101 ab
1042 1039 1090 1103 eis
1112 1062 1169 1121 per

139 1149 295 1203 terrorem
317 1150 551 1223 extorqueant,
585 1160 648 1222 qua
673 1138 841 1214 violentia,
873 1162 942 1224 qum
968 1140 1070 1223 possit
1092 1162 1170 1213 ¹esse

56 1294 59 1299 .
138 1239 283 1319 gravior,
311 1262 381 1324 qurc
399 1241 513 1302 surdior
535 1241 744 1314 contumelia,
776 1262 845 1324 qum
865 1239 959 1321 pejor
978 1243 1118 1303 servitus
1138 1255 1181 1325 et,

138 1340 267 1417 liberis,
299 1352 331 1405 et
357 1340 395 1402 iis
427 1340 482 1423 qui
510 1340 581 1401 orbi
611 1340 765 1421 imperare
794 1342 936 1403 delient?
967 1342 1059 1425 qnasi
1087 1365 1168 1405 vero

138 1443 231 1502 armis·
264 1460 323 1503 nos
359 1439 555 1514 devicerint,
595 1453 631 1503 ut
666 1444 835 1519 vectigales
868 1446 1012 1505 habeant.
1059 1446 1170 1523 erarc

138 1562 227 1620 spem
256 1539 358 1607 huben
383 1543 478 1622 longo
505 1539 689 1616 maximam,
719 1541 793 1625 quia
819 1544 858 1602 nd
888 1556 1064 1606 extremum
1093 1567 1168 1625 pro-

138 1644 230 1702 cessit
248 1644 311 1702 haec
331 1640 516 1723 indignitas,
536 1663 602 1703 non
621 1663 690 1705 esse
713 1664 779 1726 quo
800 1643 912 1705 evadat
922 1647 1020 1720 ultrn,
1042 1666 1169 1728 nosque

140 1753 283 1823 ereptum
306 1740 356 1804 iri.

552 1844 753 1909 Ernhold.

216 1941 344 2004 Novum
374 1940 599 2023 imperatorem
629 1945 787 2009 facturum
815 1947 875 2007 hoc
908 1964 1016 2025 speras
1050 1952 1087 2008 tu
1111 1944 1172 2009 sci·

140 2041 232 2103 lieet?

573 2144 738 2209 liutten.

213 2247 256 2308 Et
276 2246 353 2319 hoc,
373 2246 481 2307 atalia
500 2248 590 2326 plura
610 2247 667 2308 bac
686 2248 832 2323 natione,
852 2244 913 2307 boc
926 2241 1084 2327 imperio,
1103 2245 1170 2311 suis

140 2345 327 2427 majoribus,
359 2367 484 2431 suoque
503 2347 600 2430 (ligna
619 2368 749 2429 genere.
789 2347 868 2409 Nam
888 2348 974 2410 serre
994 2362 1030 2408 ut
1049 2347 1173 2427 poterit

138 2450 274 2529 primum
293 2469 327 2509 se
353 2450 528 2523 contemni,
564 2468 623 2509 nos
651 2448 831 2527 compilari,
869 2448 986 2511 deinde
1014 2446 1171 2531 aquibus

138 2552 305 2632 plurimum
325 2560 494 2631 erogatur,
515 2570 571 2612 eos
591 2546 760 2629 plurimum
780 2548 918 2612 ludibrio
939 2547 1070 2610 haberi?
1091 2551 1172 2630 Qua

138 2671 217 2733 gens
231 2649 412 2732 despectius
427 2649 511 2712 enim
523 2648 589 2732 agit
599 2650 724 2723 Romae,
738 2669 834 2731 quam
846 2648 995 2712 Germani
1011 2649 1140 2711 hodie?-

544 2750 754 2812 Ernhold.

214 2845 346 2910 Penitus
365 2849 466 2925 nulla,
487 2862 522 2913 ut
535 2870 617 2933 quos
631 2852 738 2931 pueri,
760 2870 870 2926 senes,
897 2847 977 2925 viri,
1005 2850 1172 2929 mulieres,

139 2948 287 3029 opifices,
308 2963 516 3027 mercatores,
537 2951 688 3028 sacrifici,
709 2952 851 3027 nobiles,
866 2949 1043 3034 ignobiles,
1057 2949 1173 3029 liberi,

138 3052 238 3127 servi,
258 3052 291 3114 in
310 3073 432 3116 summa
452 3074 535 3136 quos
558 3071 669 3119 omnes
689 3056 811 3126 rident,
833 3053 926 3115 etiam
937 3047 1053 3132 captivi
1068 3051 1171 3113 natio·

138 3176 212 3219 unm
229 3154 370 3218 omnium
390 3155 508 3229 Jrulrri,
541 3176 623 3237 quos
643 3155 769 3237 publice
796 3165 827 3215 et
847 3147 993 3233 privatim
1012 3150 1173 3228 dicteriis,

139 3277 174 3316 nc
193 3255 414 3318 scommatibus
434 3268 672 3337 prosequuntur
697 3275 826 3329 omnes,
862 3252 979 3335 quibus
999 3254 1117 3331 palam,
1141 3265 1176 3319 et

140 3355 301 3418 manifeste
321 3356 472 3431 illudunt,
501 3374 584 3437 quos
603 3355 800 3436 explodunt,
822 3373 904 3437 quos
927 3354 1072 3434 turpibus
1093 3376 1173 3438 eog-

140 3453 311 3528 uomentis,
346 3465 378 3517 et
404 3452 561 3537 pudendis
580 3455 839 3538 appellationibus
865 3452 1077 3530 insectantur,
1110 3476 1173 3535 per

141 3555 246 3635 jocum
263 3553 401 3636 pariter,
421 3567 454 3617 et
472 3555 605 3629 serium,
627 3558 741 3618 nullam
763 3554 805 3616 ob
825 3574 969 3631 cansam,
989 3555 1046 3616 sed
1067 3556 1172 3619 stulti·

141 3656 188 3717 tiro
207 3657 370 3737 opinione.
415 3658 549 3738 Atque
569 3654 803 3719 Germanorum
822 3655 969 3730 stultitia,
999 3654 1060 3716 nisi
1081 3656 1175 3739 quod

140 3778 205 3820 nou
227 3756 377 3821 sentimus
397 3755 528 3840 indigne
547 3756 656 3820 haberi
676 3755 759 3819 nos?
786 3766 820 3816 et
839 3754 929 3838 quod
948 3754 1095 3833 nimium,
1117 3778 1175 3822 su-

140 3856 317 3940 perstitioni
344 3856 528 3932 tribuimus,
558 3877 771 3940 pereamque
792 3858 927 3941 petimur
948 3857 1029 3940 eripi
1056 3857 1174 3935 nobis,

142 3961 231 4041 quod
243 3961 343 4021 armis
364 3959 437 4019 olim
454 3956 551 4021 adimi
568 3978 634 4019 non
654 3946 936 4042 potuitretssquod
957 3962 1100 4023 serviunt
1121 3971 1173 4023 tot

142 4079 266 4141 retnpcr
277 4058 428 4120 Germani
442 4057 553 4121 Roma
564 4059 649 4121 nulla
663 4058 721 4121 alia
734 4060 898 4136 mercede,
918 4081 1014 4143 quarn
1027 4072 1062 4123 ut
1073 4063 1175 4142 patri·

142 4158 256 4221 moniis
291 4157 352 4220 sibi
381 4157 445 4222 suis
471 4156 616 4239 precario
643 4157 690 4223 uti
719 4159 833 4221 liceat?
864 4160 951 4240 Quid
977 4160 1061 4224 enim
1084 4161 1177 4227 aliud

143 4259 268 4321 vocabo
287 4257 452 4340 profusam
478 4259 514 4323 in
542 4257 689 4324 eeclesias
709 4277 836 4340 patrum
854 4273 1039 4325 nostrorum
1057 4263 1176 4329 libera-

143 4358 281 4422 litatem?
