2632 5086
469 706 635 814 sonum
656 736 845 840 aranga.
999 808 1019 839 ,,
1097 752 1170 825 aar

143 932 250 1009 culpa,
279 941 311 991 et
330 951 396 1013 quo
424 929 528 994 minus
548 931 803 1013 locupletemini,
830 934 943 997 deesse
967 935 1060 999 vobis
1081 936 1169 1018 ipsos

141 1030 297 1091 doceam?
324 1031 379 1114 qui
404 1053 463 1112 per
488 1030 640 1094 desidiam
666 1032 833 1115 diligentes
860 1054 973 1116 parum
997 1036 1080 1099 circa
1102 1057 1169 1103 rem
1276 1037 1283 1048 ’

141 1132 311 1210 parandam
343 1151 414 1194 cum
441 1132 529 1206 sitis,
568 1133 773 1198 oscitantibus
799 1134 893 1198 vobis
922 1136 1007 1199 bona
1037 1139 1168 1201 evenire

140 1233 252 1306 sultis,
274 1253 401 1314 magnas
419 1232 561 1307 interim,
582 1253 619 1294 ac
637 1222 795 1312 perbonas
817 1236 1000 1301 occasiones
1019 1250 1168 1320 praetere·

141 1334 240 1395 undo.
273 1334 439 1396 Memento
454 1334 535 1396 eninr
547 1333 704 1415 ignaviam
717 1338 921 1420 plerumque,
941 1349 975 1399 et
989 1339 1168 1403 socordiam
1185 1392 1191 1403 .

140 1432 174 1495 in
194 1455 288 1495 causa
306 1455 375 1495 esse
397 1434 600 1510 mortalibus,
621 1456 687 1517 qno
707 1456 749 1497 ne
769 1439 959 1512 evehantur,
986 1459 1053 1500 non
1075 1441 1167 1505 loris
1186 1450 1207 1469 *⁸

139 1535 385 1610 inclementiam,
407 1546 460 1596 aut
482 1535 617 1597 fortunae
636 1535 841 1617 iniquitatem.
879 1539 967 1602 Audi
986 1539 1073 1601 illum
1086 1560 1167 1601 vero

140 1641 267 1719 politam
281 1649 436 1698 veterem:
457 1635 561 1697 Faber
576 1632 712 1718 quisque
727 1635 877 1713 lortunae,
892 1638 1012 1722 inquit,
1028 1661 1091 1701 snas
1108 1651 1165 1711 est,

140 1749 172 1798 ct
193 1738 372 1800 Sallustium
392 1737 565 1816 prudenter
589 1747 791 1799 monentem:
819 1740 892 1800 Non
912 1739 1093 1819 suppliciis,
1114 1752 1167 1803 aut

140 1838 283 1917 lacrymis
301 1839 444 1899 Deorum
466 1836 580 1898 auxilia
597 1835 713 1917 parari,
734 1837 916 1919 vigilando,
944 1838 1064 1921 inquit,
1084 1840 1167 1903 bene

140 1941 283 2021 agendo,
311 1940 393 2001 bene
419 1937 614 2000 consulendo
641 1956 795 2018 prospere
819 1937 924 2000 omnia
952 1941 1086 2028 cedunt,
1111 1940 1168 2003 uti

141 2039 294 2102 socordiae
313 2051 345 2101 te
366 2050 461 2120 atquc
481 2038 613 2121 ignavia
633 2036 818 2115 tradideris,
839 2038 1051 2124 nequicquam
1077 2040 1166 2104 Deos

141 2140 307 2221 implores,
329 2140 400 2203 irati
420 2139 591 2223 infestique
606 2149 698 2227 sum.

570 2264 602 2326 Il
613 2274 740 2327 utten.

217 2369 416 2449 Quemquam
444 2365 486 2427 ita
507 2365 666 2445 aspernari
688 2376 793 2445 potest
814 2364 940 2449 Jupiter
954 2384 1050 2443 ergo,
1072 2367 1167 2447 laquo

141 2480 188 2531 est
203 2469 256 2548 pie
276 2481 400 2543 oratus,
426 2478 547 2528 utnon
568 2464 742 2528 exandiat?
760 2487 819 2529 nec
834 2464 926 2530 lovis
948 2464 1070 2527 famular
1094 2473 1169 2527 sunt
1245 2466 1251 2473 '

140 2571 197 2631 illae
218 2570 302 2650 apud
321 2570 497 2631 Homerum
517 2568 631 2642 lexat?

555 2694 753 2756 Fortuna.

216 2794 331 2876 Neque
349 2806 533 2876 aspernatur
554 2794 625 2870 ille,
655 2791 809 2867 arbitror,
844 2791 1021 2873 supplicum
1044 2809 1167 2874 preccq,
1212 2862 1215 2867 ¹

143 2904 175 2954 et
197 2893 341 2971 exaudit,
362 2895 406 2969 si,
426 2907 462 2957 ut
480 2895 613 2970 debent,
633 2893 775 2957 homines
792 2901 911 2975 petant.

574 3020 740 3081 Hutten.

216 3123 289 3186 Non
316 3131 403 3183 recte
430 3131 543 3200 petunt
566 3132 688 3194 autem,
720 3115 796 3200 qui,
825 3127 862 3180 ut
883 3115 936 3177 ille
952 3113 1037 3196 apud
1056 3113 1169 3176 Xeno·

139 3226 309 3304 pbontem,
331 3233 423 3283 orant
441 3221 654 3283 valetudinem
670 3219 822 3299 primum,
843 3215 993 3300 viresque
1011 3213 1168 3296 eorporis,

140 3323 256 3384 deinde
277 3324 433 3395 honores,
461 3332 492 3383 et
517 3323 603 3402 apud
628 3320 771 3384 homines
797 3316 1067 3388 benevolentiam,
1096 3325 1169 3396 post

139 3425 204 3485 haec
224 3423 258 3482 in
280 3423 362 3483 bello
380 3422 527 3496 salutem,
548 3432 581 3482 et
598 3442 650 3484 res
671 3423 798 3485 tandem
812 3417 972 3483 familiaris
986 3427 1022 3479 ut
1036 3417 1168 3478 honeste

140 3524 316 3603 augeatur?

550 3623 745 3686 Fortuna.

216 3725 259 3785 Hi
288 3724 417 3806 quidem
439 3735 544 3799 re'cte,
571 3724 628 3787 sed
654 3723 832 3803 superflue,
862 3719 941 3804 quid
960 3719 1046 3783 enim
1063 3714 1168 3781 multis

142 3826 222 3886 adeo
247 3824 425 3887 olnnndere
451 3823 595 3905 oportuit
609 3822 752 3887 lovem?
827 3910 830 3917 Ι

574 3942 740 4002 Hntten.

217 4041 270 4105 An
289 4041 373 4103 hand
392 4040 565 4104 necessaria
586 4041 643 4103 tibi
665 4042 730 4103 lucc
753 4038 858 4102 omnia
876 4036 1054 4101 videntur?

562 4142 757 4205 Fortuna.
768 4148 807 4214 ει]

218 4242 353 4319 Omnia,
383 4246 439 4308 sed
467 4266 536 4329 quaa
563 4240 707 4309 breviori
733 4242 878 4307 oratione
902 4235 1167 4322 comprehendis

139 4343 328 4423 rogantibus
358 4356 485 4428 queant.
