2632 5086
429 692 669 792 Inspicientes
699 696 884 799 Dialogus.
1088 712 1158 789 tte
1223 664 1233 681 ι

539 887 761 953 Phub'tlron.

219 988 251 1049 Si
271 988 412 1051 obtineat
429 1007 508 1050 vero
536 987 709 1050 'l'ureieum
734 989 767 1049 in
784 989 900 1055 bellum
919 1002 1005 1055 totns
1026 1007 1065 1057 ut
1082 1013 1159 1057 eon·

145 1086 255 1147 sentiat
277 1085 464 1149 unanimiter
483 1087 673 1169 septentrio,
693 1109 770 1150 num
788 1090 866 1172 quid
884 1093 964 1155 ultra
982 1093 1121 1175 quaeret?

611 1189 694 1250 Sol.

220 1284 317 1345 Ini'nro
338 1285 412 1347 nihil
430 1286 550 1361 minus,
575 1308 669 1369 quarn
688 1286 803 1349 bellum
829 1288 913 1351 istud
932 1292 1053 1372 quaerit.
1090 1294 1157 1359 An·

145 1403 212 1443 nnn
235 1396 296 1445 est.
326 1386 376 1445 eui
398 1385 512 1460 servit,
539 1397 570 1446 et
589 1387 752 1466 pecuniam
772 1389 868 1469 petit,
896 1411 990 1471 quarn
1009 1411 1043 1452 se
1062 1388 1157 1471 jurat,

144 1482 169 1543 si
198 1483 369 1559 tribuatur,
407 1486 439 1545 iu
467 1486 582 1547 bellurn
616 1488 676 1547 boe
709 1487 968 1567 absumptorum,
1000 1501 1159 1567 acceptam

142 1604 221 1643 vero
250 1585 363 1659 (ilicum
390 1585 473 1646 enirn
500 1597 534 1646 ut
560 1606 611 1648 res
642 1586 746 1662 habet)
776 1588 923 1649 Romano
948 1588 1160 1667 suppeditabit

141 1682 240 1745 luxui.
1093 1708 1096 1713 '

548 1785 768 1849 Phu'e'tlron.

219 1883 322 1964 Quem
342 1885 450 1945 luduin
470 1896 624 1967 quatenus
640 1888 742 1962 ludet,
763 1885 814 1949 dic
832 1884 915 1967 nge?

612 1987 689 2048 Sol.

217 2085 301 2147 Dum
327 2088 447 2166 sapient
471 2087 636 2164 Germani,
669 2106 751 2168 qnos
769 2105 854 2147 nune
879 2084 1047 2152 infatuatos
1065 2086 1159 2153 babet

140 2184 295 2259 persuasis
317 2185 591 2265 superstitionibus
614 2185 688 2249 urbs
708 2186 825 2251 Roma.

542 2287 762 2349 Phaethon.

216 2386 324 2465 Prope
345 2390 392 2447 es't
411 2408 509 2463 vero,
530 2399 565 2448 ut
584 2385 730 2465 sapiant?

610 2474 697 2547 sol.

217 2583 342 2662 Prope,
372 2604 443 2645 nnrn
471 2585 588 2665 primus
609 2585 660 2645 hie
685 2581 786 2647 innuis
810 2584 925 2648 redibit
945 2595 1060 2667 magno
1086 2603 1159 2649 eum

142 2693 266 2744 terrore
298 2681 406 2760 urbis,
439 2703 545 2769 neque
578 2684 661 2748 enirn
688 2683 841 2748 creditum
871 2696 918 2748 est
950 2684 1069 2749 audere
1096 2685 1159 2751 boc

142 2781 304 2844 barbaros.

542 2886 758 2950 Phaethon.

214 2985 329 3048 Adbuc
352 2983 384 3047 in
403 2986 541 3051 barbaris
566 2999 640 3050 sunt
660 2984 778 3063 seilicet
799 2982 973 3047 oemunt?

610 3087 694 3150 Sol.

217 3186 320 3249 Rorna
343 3186 449 3265 jrulice
469 3198 542 3250 sunt
561 3207 627 3249 non
645 3187 763 3260 minus,
783 3204 879 3264 quem
898 3182 998 3258 Gelli,
1018 3193 1050 3246 et
1069 3192 1160 3245 extre

141 3285 258 3349 ltaliam
276 3288 418 3349 nationes
439 3287 586 3371 reliquae,
615 3307 728 3349 verum
747 3283 836 3369 quod
856 3284 896 3346 tul
919 3302 1042 3346 urorum
1066 3281 1160 3344 boni·

141 3397 235 3446 tutent
270 3388 427 3467 pertinet,
465 3398 497 3450 et
533 3383 688 3450 civilitatis
730 3386 935 3468 opinionem,
971 3382 1159 3467 virtutisque

142 3483 262 3558 studia,
281 3497 312 3545 et
332 3487 507 3550 animorum
526 3487 749 3560 constantiam,
778 3506 814 3548 ae
833 3482 1065 3565 integritatem,
1094 3484 1160 3544 eul-

142 3583 256 3643 tissirna
277 3596 325 3645 est
351 3587 457 3662 natio,
486 3599 596 3650 eontra
615 3585 751 3650 Romani
774 3584 825 3647 isti
847 3595 986 3649 extremo
1014 3582 1157 3646 barbarie

142 3684 318 3746 tlel'onnuti.
359 3684 438 3747 Sunt
459 3688 543 3753 euim
564 3687 694 3750 mollitie
712 3686 869 3769 primum,
888 3693 920 3746 et
938 3685 1016 3744 luxu
1029 3680 1157 3765 perditi,

141 3782 256 3847 deinde
292 3782 400 3845 levites
437 3796 507 3860 est,
545 3797 576 3848 et
608 3784 816 3851 inconstantis
850 3786 1014 3867 plusquam
1047 3780 1157 3843 rnulie·

139 3882 227 3957 bris,
258 3883 336 3945 t'ules
370 3905 459 3961 rnre,
496 3885 605 3963 lraits,
647 3897 680 3950 et
708 3884 841 3961 malitie,
882 3905 951 3969 ques
978 3882 1063 3944 vinei
1091 3902 1162 3944 non·

139 3982 269 4064 possint.

534 4084 764 4152 Pha'e'thon.

214 4182 321 4247 Placet
341 4187 381 4250 ue
403 4187 568 4251 Gennanis
589 4211 659 4273 que
678 4190 806 4264 narras,
827 4197 921 4271 atque
943 4182 1056 4248 utinum
1078 4177 1156 4242 ebrii

141 4302 204 4342 non
228 4298 347 4347 essent.
377 4288 432 4369 qui
453 4290 528 4351 tales
552 4289 669 4371 ulloqui
688 4300 770 4352 sunt.
