2632 5086
233 772 303 849 592
449 769 718 843 adalbertum
752 766 900 840 aaran.
935 767 1040 866 epta.
1074 742 1100 757 ’“
1146 728 1157 741 ’

1179 836 1192 867 l

234 961 305 1022 tiam
331 981 433 1041 prope
460 960 671 1043 singularem!
707 978 727 1020 ο
749 957 908 1022 vesaniam
936 957 990 1023 diu
1009 960 1269 1024 memorabilem!

234 1061 312 1122 nisi,
335 1063 391 1142 qui
410 1063 471 1122 ltoc
491 1060 628 1133 l'aciunt,
654 1059 837 1121 sanctissimi
856 1059 935 1121 siut!
975 1061 1077 1122 Tuam
1097 1060 1268 1124 conscicn-

235 1161 310 1222 tiam
332 1164 476 1241 appcllo,
497 1161 645 1225 Athena!
676 1170 781 1238 potest
801 1160 970 1242 quicquam
991 1181 1087 1240 agere
1106 1181 1141 1220 se
1162 1158 1269 1241 inelig-

166 1241 171 1254 ’
233 1282 307 1321 num
327 1261 425 1342 magis
447 1259 642 1324 Christianus
662 1258 851 1340 episcopus,
873 1259 929 1343 qui
948 1261 1042 1323 toties
1057 1258 1120 1341 jam
1147 1281 1267 1322 renun-

234 1355 321 1438 ,iavit
352 1363 488 1436 sacculo,
522 1382 616 1443 quam
643 1357 669 1419 si
700 1359 865 1439 desperato
891 1358 1020 1421 brachio
1050 1360 1200 1434 Domini,
1234 1361 1268 1424 id

233 1481 296 1537 cst,
316 1461 378 1540 Dei
393 1456 481 1536 titio,
509 1461 610 1522 verbo
630 1458 709 1536 Dei,
731 1460 806 1524 illud
821 1461 953 1521 invocet
969 1462 1134 1535 saeculare,
1157 1461 1265 1536 idest,

232 1583 367 1645 regnum
384 1560 509 1638 mundi,
531 1561 618 1644 qnod
628 1561 689 1622 Dei
709 1574 850 1636 nonest,
871 1562 964 1622 immo
982 1581 998 1622 a
1018 1561 1077 1623 Dei
1097 1582 1201 1642 regno
1224 1562 1267 1624 ita

233 1664 411 1744 sejunctum
430 1674 497 1738 est,
525 1673 560 1723 ut
579 1658 774 1724 consortium
793 1654 857 1721 non
883 1660 1027 1741 patiatur.
1051 1661 1125 1740 (luo
1146 1662 1186 1721 (le
1208 1683 1268 1740 per

232 1761 357 1842 Esajum
374 1765 556 1844 prophetam
566 1762 696 1822 dicitur:
716 1762 784 1836 Va,
806 1759 861 1842 qni
879 1760 1075 1822 descendunt
1089 1761 1121 1822 in
1136 1764 1268 1843 Aegyp-

234 1876 316 1937 tum,
338 1863 488 1924 currilium
508 1862 541 1923 in
570 1860 660 1943 equis
681 1871 863 1940 sperantes,
896 1874 928 1922 et
946 1860 1096 1922 habentes
1116 1861 1265 1925 litlnciam

232 1964 264 2026 in
287 1963 468 2046 quadrigis,
490 1962 564 2063 quia
584 1963 685 2023 inultae
705 1971 796 2033 sunt3
817 1969 849 2019 et
868 1978 965 2040 super
984 1959 1164 2042 equitibus,
1190 1963 1266 2043 quia

234 2066 391 2144 pruvalitli
413 2063 521 2135 nimis;
539 2074 571 2124 ct
591 2073 656 2123 'non
677 2075 749 2122 strut
763 2059 875 2120 conlisi
891 2074 1140 2138 superstructum
1154 2061 1264 2136 lsrael,

234 2166 448 2226 etDumiuum
468 2181 533 2224 non
551 2162 777 2244 requisierunt.
816 2160 897 2223 Mihi
916 2160 1119 2224 contraeatis
1140 2172 1209 2237 est,
1231 2160 1267 2223 in

233 2262 361 2323 brachio
383 2262 511 2322 Domini
531 2281 674 2341 sperare,
695 2274 731 2322 ut
749 2282 821 2324 cum
836 2261 951 2322 eodem
968 2262 1120 2341 propheta
1137 2260 1261 2321 dicam:

235 2365 320 2424 Ecce
340 2362 496 2425 Dominus
516 2363 601 2426 Dens
622 2362 789 2424 auxiliator
808 2363 916 2422 mens!
938 2359 1088 2441 quiscat,
1108 2359 1159 2440 qni
1180 2379 1264 2419 con·

235 2465 362 2527 ‹lemnet
388 2462 466 2525 me?
505 2464 584 2526 Nam
610 2463 694 2525 tinea
718 2462 864 2523 comedet
890 2479 963 2533 eos,
989 2456 1044 2540 qni
1070 2457 1263 2521 amotlestia

234 2565 286 2626 illa
307 2563 503 2640 Christiana,
532 2584 626 2645 quam
647 2563 764 2625 Paulus
790 2576 898 2622 uotam
925 2579 992 2621 esse
1015 2549 1266 2633 vult'omnibns,

235 2677 296 2725 tum
324 2669 421 2743 longe
447 2664 570 2725 absunt.
617 2663 680 2741 Qui
707 2683 772 2724 nou
804 2664 834 2721 in
865 2660 978 2741 spiritu
998 2658 1171 2733 ambulant,
1207 2660 1266 2721 sed

238 2763 396 2823 ‹lesitlcria
417 2762 520 2823 caruis
538 2762 723 2842 perficiunt,
743 2773 778 2823 ut
799 2759 862 2821 (lici
883 2759 929 2822 eis
949 2758 1065 2840 possit:
1095 2757 1267 2821 Confiditis

236 2882 334 2940 super
363 2862 509 2951 baculum
539 2861 745 2924 arundineum
777 2860 976 2923 confractum
1015 2861 1130 2934 istum,
1170 2878 1266 2941 super

234 2963 437 3044 Aegyptum:
470 2960 521 3024 cui
555 2961 581 3023 si
609 2948 735 3025 'innisus
769 2959 867 3022 luerit
911 2961 1031 3035 homo,
1072 2958 1203 3023 intrabit
1233 2961 1265 3022 ln

235 3083 362 3126 manum
392 3061 480 3144 ejus,
513 3073 545 3123 et
571 3062 745 3144 perforabit
774 3082 852 3124 cam.
908 3059 968 3124 His
998 3080 1081 3142 ego,
1116 3060 1264 3142 princeps

235 3164 380 3228 Allrcrtc!
401 3185 512 3225 verum
528 3145 638 3226 Dicens
657 3161 800 3225 inimicus
828 3185 896 3225 snm
916 3162 1033 3236 faetus,
1054 3156 1162 3243 uctj'ue
1183 3160 1266 3224 enim

236 3265 513 3345 alitcr'tlispliccre
539 3264 722 3343 potuissem.
764 3263 827 3324 seu
847 3263 1047 3342 displiceam,
1080 3261 1157 3323 tlum
1176 3262 1264 3324 anxi·

233 3364 308 3428 lium
328 3385 433 3426 meum
460 3364 501 3424 sit
524 3383 546 3424 a
570 3365 727 3436 Domino,
757 3361 813 3446 qui
839 3363 916 3429 feeit
942 3365 1048 3424 caelum
1076 3373 1107 3422 et
1134 3375 1265 3425 terram}

236 3460 326 3540 cujus
358 3466 437 3521 viam
468 3461 606 3525 ¹veritatis
639 3463 731 3543 elegi.
778 3464 858 3525 Nam
886 3464 1001 3525 veritas
1032 3467 1099 3543 ipsa
1127 3475 1199 3538 est,
1226 3473 1267 3524 'et

136 3628 139 3632 ⁸
237 3563 337 3622 utunia
358 3561 500 3622 mandata
523 3560 593 3639 ejus
609 3563 751 3625 veritas·
774 3565 871 3644 Quotl
891 3563 916 3626 si
935 3574 1062 3627 narrant
1076 3562 1155 3625 mihi
1174 3562 1266 3624 fabu-

235 3662 366 3724 lationes
395 3661 537 3742 episcopi
566 3663 719 3730 Romani,
751 3666 837 3724 nullo
858 3664 946 3727 bono
977 3664 1067 3736 zelo,
1097 3664 1157 3725 sed
1190 3665 1268 3730 tucri

236 3759 340 3826 studio
360 3760 578 3838 concinnatas,
600 3766 801 3844 aspernabor,
822 3763 975 3841 abjiciam,
996 3761 1192 3837 detestabor,
1214 3783 1268 3825 ne·

237 3883 300 3945 qna
326 3861 408 3924 enim
427 3874 500 3924 suut
525 3874 561 3925 ut
579 3865 630 3925 lex
656 3865 729 3927 Dci.
767 3869 845 3947 Qum
870 3867 987 3928 utinam
1008 3864 1054 3927 sic
1074 3875 1157 3926 esset
1178 3863 1270 3926 cordi

237 3962 388 4042 episcopo
421 3961 543 4039 Leoni,
569 3974 606 4025 ut
642 3987 756 4047 senpcr
785 3967 921 4050 cogitat,
952 3986 1036 4028 nove
1066 3965 1271 4026 Germaniam

237 4063 417 4143 compilare.
465 4065 556 4139 llos,
586 4066 641 4149 q'ui
673 4065 786 4147 jugum
814 4065 1011 4147 pontificium
1045 4076 1157 4126 nostro
1196 4061 1272 4146 jure

237 4168 456 4240 detrectamus,
477 4165 612 4244 primum
624 4167 1011 4240 excommunicationibus,
1032 4167 1145 4245 postea
1158 4166 1273 4247 gladiis

191 4316 201 4339 ,
233 4270 330 4337 ctiam
356 4277 388 4328 et
412 4285 537 4327 veneno
556 4269 777 4353 persequitur,
804 4279 965 4349 postremo
985 4267 1110 4328 vinctos
1134 4267 1273 4331 Romam
