2632 5086
193 759 267 841 llo,
446 751 553 829 Trias
576 751 745 826 Romana
771 749 960 852 Dialogus.

190 946 325 1030 jungere
343 947 489 1029 dignatus
511 957 558 1007 est
576 944 712 1019 fordere,
733 965 806 1007 eum
825 945 954 1008 vincere
967 948 1133 1030 mamper,
1153 951 1214 1014 do.

189 1068 251 1111 nec
268 1049 385 1110 amicus
405 1049 483 1121 luit,
510 1067 618 1127 passus
636 1057 698 1120 est,
720 1044 775 1106 ubi
793 1047 927 1110 rescisso
943 1047 1065 1112 loederc
1083 1051 1117 1110 in
1135 1071 1214 1114 con·

190 1148 318 1211 traciam
346 1148 501 1210 declinare
531 1159 650 1226 partem
676 1145 813 1227 placuit,
845 1168 956 1211 rursus
980 1168 1049 1211 eam
1068 1151 1216 1228 restituit,

190 1270 298 1312 secum
318 1249 500 1322 victoriam,
527 1268 636 1308 secum
655 1245 881 1326 principatum,
901 1242 934 1311 ct
955 1249 1215 1332 dominationem,

191 1370 329 1434 quoquo
349 1350 559 1424 concederet,
576 1365 683 1409 secum
702 1347 812 1411 attulit

603 1448 803 1509 Ernhold.

265 1550 338 1613 Scio
349 1597 358 1626 ,
378 1552 435 1614 scd
454 1550 573 1614 Julium
595 1567 700 1632 neque
719 1550 781 1611 hoc
800 1549 953 1628 edictum,
975 1572 1082 1637 neque
1103 1570 1217 1638 prate.

190 1672 246 1715 rea
272 1650 441 1734 quicquam
472 1672 563 1713 suum
593 1650 626 1711 in
659 1649 706 1710 his
734 1670 804 1732 qua
832 1650 919 1733 egit,
952 1654 1009 1716 sed
1035 1665 1216 1735 temporum

191 1752 334 1826 occasio,
355 1762 386 1812 et
405 1751 482 1812 mira
499 1750 542 1812 ibi
560 1770 666 1813 rerum
683 1752 901 1831 opportunitas
918 1751 1015 1832 juvit,
1036 1777 1131 1837 quem
1149 1779 1214 1839 ego

190 1864 293 1915 nmen
308 1855 360 1913 vel
372 1854 417 1914 sic
433 1872 508 1913 reor
521 1851 662 1913 ultimum
679 1849 827 1913 felicitate
843 1854 900 1914 hac
913 1874 983 1918 esse
1001 1856 1214 1935 perfunctum,

190 1973 297 2038 neque
318 1953 402 2015 enim
423 1952 559 2014 arbitror
580 1971 800 2015 successurum
823 1963 897 2035 post
918 1955 1002 2016 hunc
1022 1954 1086 2018 ulti.

617 2052 799 2133 Hutten.

265 2154 309 2216 At
336 2151 395 2214 illis
426 2173 537 2231 magna
568 2152 602 2212 in
633 2153 826 2216 contrarium
857 2152 973 2215 fiducia
1009 2165 1079 2230 est,
1118 2177 1216 2239 quare

190 2252 348 2316 Vadiscus
374 2253 499 2327 retulit,
531 2273 591 2333 per
619 2263 833 2334 contemptum
846 2254 967 2327 nostri,
993 2253 1103 2317 dicere
1127 2256 1216 2335 ipsos

189 2354 276 2428 illos,
310 2354 445 2417 Romam
470 2351 529 2414 tria
552 2354 696 2415 firmare:
727 2353 858 2417 humiles
888 2355 1005 2431 tusam,
1033 2358 1214 2422 destructor

190 2473 318 2530 muros,
347 2465 379 2515 et
403 2473 469 2515 non
494 2451 643 2514 sublimes
671 2463 794 2528 turres,
833 2457 922 2538 quasi
951 2456 1073 2531 dicant,
1101 2468 1214 2521 contra

189 2554 399 2620 barbarorum
424 2552 568 2615 inertiam
597 2555 906 2639 quantulamcunque
937 2557 1019 2618 satis·
1035 2577 1111 2621 csse
1135 2557 1214 2634 vim,

190 2675 298 2738 nque
325 2655 388 2716 ulls
414 2652 585 2736 querenda
610 2672 803 2734 magnopere
825 2658 1076 2737 propugnacula.
1119 2658 1216 2721 Adeo

190 2774 256 2817 uon
282 2764 426 2815 metuunt
454 2765 593 2814 nostram
618 2753 768 2817 virtutem
795 2756 826 2815 ci
845 2753 983 2831 civitati,
1008 2777 1109 2839 quam
1132 2759 1217 2820 terni

189 2853 371 2937 gubernant
389 2854 568 2934 principes:
587 2854 736 2929 lenones,
757 2855 924 2931 curtisani,
944 2866 978 2917 et
996 2855 1215 2920 soeneratores.

349 3022 352 3027 ⁴
595 2953 817 3016 Ernhold.

265 3051 312 3116 Ita
342 3074 401 3134 per
430 3052 613 3116 Christum!
646 3055 733 3117 solos
760 3055 818 3118 hos
839 3055 922 3119 enim
950 3056 1085 3118 vidimus
1105 3057 1216 3119 Roma

189 3155 374 3220 honoratos.

614 3253 792 3316 Hutten.

265 3356 308 3416 Et
332 3374 402 3437 qua
428 3350 605 3414 istiusmodi
626 3353 745 3415 insessa
764 3365 812 3415 est
837 3354 979 3431 civibus,
1011 3355 1044 3417 in
1064 3373 1218 3437 ecquam

192 3465 264 3536 apte
282 3453 416 3518 habetur
436 3463 529 3533 caput
548 3452 711 3514 ecclesia?

594 3553 797 3617 Ernbold.

268 3657 311 3719 Ut
332 3653 407 3717 mibi
427 3652 556 3736 quidem
574 3654 702 3716 videtur
721 3653 924 3735 ineptissime.

608 3754 794 3816 Huttcn.

266 3857 309 3917 Et
336 3855 370 3917 in
394 3869 432 3914 ca
454 3850 533 3914 urbe
561 3863 598 3915 ut
623 3853 762 3930 vivitur,
793 3855 825 3917 in
856 3874 920 3938 qua
948 3853 1006 3916 tria
1035 3853 1091 3915 vix
1118 3852 1218 3914 invite

190 3953 335 4019 homines
360 3952 497 4015 iaciunt:
526 3953 621 4017 fidem
640 3956 788 4032 solvere,
814 3955 882 4018 aliis
912 3975 1041 4036 operam
1067 3955 1161 4029 dare,
1186 3964 1220 4015 'ct

192 4053 305 4117 davia
324 4055 448 4117 cedere.

591 4155 807 4218 Ernhold.

268 4252 393 4332 Quibus
411 4257 554 4319 moribus
572 4254 649 4338 quid
668 4274 737 4317 esse
757 4256 855 4339 magis
872 4268 980 4337 posset
999 4267 1109 4317 contra
1126 4252 1221 4317 Chri·

192 4351 320 4415 stianam
348 4353 584 4420 innocentiam?
622 4355 702 4417 Nam
731 4375 804 4419 cum
824 4357 874 4418 illa
893 4357 929 4419 in
947 4377 1013 4418 uno
1034 4356 1096 4417 hoc
1114 4351 1219 4418 consi·
