2632 5086
460 703 635 779 Misaulus
658 705 843 819 Dialogus.
990 782 993 790 ,
1098 722 1144 792 55

153 899 326 978 ἰιιιιεῦιιιιιιο
383 901 569 982 Quanquam
587 911 703 963 utnon
721 902 784 965 sint
802 902 940 980 etiam*)
959 906 1034 981 ista,
1066 907 1168 971 nihil*
1223 890 1226 896 ¹

159 1003 252 1085 alioqui
269 1007 390 1064 launum
413 1002 457 1062 ibi
469 1001 533 1077 ³⁴),
552 1001 626 1064 nihil
648 1013 695 1063 est
716 1004 886 1078 mundum,
902 1004 1056 1068 insincera
1074 1027 1140 1068 osn-

136 1101 277 1180 *nir⁸‘⁸),
312 1123 467 1178 crassum,
499 1122 535 1163 ac
559 1104 655 1164 multo
681 1124 803 1184 semper
824 1103 895 1180 jure
914 1103 1140 1188 impinguatum

167 1204 271 1280 mulie,
309 1215 344 1266 ut
367 1202 472 1285 digitis
504 1205 623 1265 haerens
652 1224 784 1287 quoquo
821 1207 936 1281 trahas,
980 1217 1138 1289 sequatur.

168 1302 257 1365 Calices
268 1302 328 1365 situ
342 1304 459 1384 oppleti
478 1323 514 1364 ac
527 1302 694 1365 seculentir
713 1305 825 1367 mirum
841 1305 873 1366 in
892 1307 1020 1368 modurn
1039 1307 1138 1370 sordi·

167 1403 306 1479 dsu¹***)
326 1403 453 1484 polinic,
487 1403 576 1480 juxta
600 1404 760 1486 inquinata
779 1402 836 1467 aliu
852 1405 957 1480 ***¹''‘)
983 1407 1138 1484 obscoena,

168 1508 280 1567 etulore
294 1518 327 1567 ut
342 1504 508 1584 plurimum
523 1505 694 1567 teterrimo.
732 1507 836 1568 Noctu
853 1519 954 1568 autem
968 1528 1036 1592 quae
1054 1528 1138 1576 com-

166 1607 268 1667 moditas
285 1605 482 1690 quiescendi,
508 1605 588 1666 inter
604 1605 803 1685 obstreperos
823 1606 1139 1684 potatores?*‘³²³*²'⁴*)
1247 1685 1250 1689 ι

165 1705 280 1785 Quorum
304 1706 352 1769 illc
381 1705 570 1778 ἐμουσοτιίτον
604 1705 735 1787 aliquid,
772 1715 864 1765 nocte
883 1703 945 1782 jam
969 1707 1137 1782 concubia,

165 1807 378 1886 quodomnium
396 1808 554 1869 asinorum
569 1806 706 1868 ruditum
724 1816 866 1884 superet,
890 1805 1013 1866 occinit.
1049 1806 1138 1869 Alius

168 1903 226 1965 vino
242 1905 383 1982 disertus,
422 1908 540 1989 aliquot
567 1927 647 1985 saepe
671 1908 763 1968 horas
792 1905 940 1968 declamat
962 1907 1000 1979 †)
1029 1904 1138 1966 incon·

167 2002 223 2064 ditis
238 2006 284 2066 tibi
296 2007 408 2069 subulis
426 2005 807 2083 somnuminterturbans.
849 2005 995 2069 Forsitan
1014 2017 1045 2066 et
1062 2028 1138 2069 eun·

165 2104 320 2171 dentecum
336 2108 466 2170 sortitur
487 2109 615 2180 lectum,
641 2117 693 2167 aut
713 2126 754 2165 ex
772 2105 866 2168 ebriis
884 2105 940 2167 illis
961 2126 1059 2181 unus,
1085 2116 1138 2167 aut

166 2204 209 2285 qui
225 2228 258 2269 ex
278 2207 386 2269 inorbo
409 2217 497 2288 putet
511 2207 587 2281 ἡ),
618 2227 653 2266 uc
674 2205 776 2268 scabie
800 2204 935 2267 inlectus
953 2206 1056 2307 †††²)‚
1084 2215 1137 2266 aut

165 2304 206 2364 cni
217 2326 312 2387 spurce
328 2310 409 2369 oleat
427 2307 545 2381 anima,
572 2308 623 2367 vcl
639 2305 694 2388 qui
711 2304 776 2367 aliis
792 2304 848 2364 tibi
862 2303 963 2367 modis
977 2304 1136 2367 molestus.
1188 2312 1194 2320 '

168 2403 237 2466 lule
253 2409 359 2482 lectos,
397 2428 463 2468 non
487 2405 626 2485 impuros
652 2416 789 2478 tuntum,
820 2405 877 2465 scd
903 2414 934 2464 et
959 2400 1137 2482 pestilentes

170 2521 241 2585 stne,
267 2508 319 2570 nbi
342 2507 395 2571 ille
420 2506 609 2578 dormierat,
646 2505 752 2587 paucis
785 2515 855 2566 ante
883 2502 993 2564 diebus
1024 2499 1136 2564 morbo

167 2605 250 2685 galles
264 2609 388 2684 adesus,
407 2606 463 2670 ubi
477 2609 619 2687 leprosus
637 2603 746 2688 aliquis
763 2605 979 2667 desudaverat.
999 2600 1137 2664 Lodices
1210 2626 1229 2673 s

169 2715 260 2769 sexum
274 2718 342 2773 aute
360 2727 501 2771 inensem
520 2706 593 2780 loti,
621 2704 652 2767 in
670 2704 784 2788 quibus
802 2725 836 2768 se
858 2705 1039 2767 volutarunt
1054 2723 1137 2765 rnor-

171 2800 224 2866 lusi
242 2807 288 2883 ili,
327 2806 413 2871 unde
444 2809 570 2869 multam
595 2805 704 2880 ††††)
740 2803 872 2881 saniem,
915 2805 1047 2866 multum
1077 2821 1136 2884 pus

169 2919 332 2988 ‘laeserunt
384 2910 491 2990 Atque
510 2909 574 2968 haec
593 2904 697 2967 omnia
716 2915 790 2966 tunc
809 2903 907 2986 magis
928 2899 1135 2980 objiciuntur,

166 3009 261 3086 quaudo
286 3031 367 3092 vaga
395 3020 441 3071 est
467 3009 552 3081 aula,
578 3017 611 3067 ut
640 3003 674 3066 in
703 3003 768 3065 aliis
797 3024 834 3063 ac
859 3001 924 3061 aliis
955 2997 1136 3061 diversoriis

162 3111 376 3184 remorandum
400 3108 458 3183 sit,
489 3105 574 3169 huini
601 3126 666 3165 non
695 3121 857 3184 nunquam
882 3099 937 3161 vix
961 3099 1038 3161 raris
1064 3099 1137 3160 sub-

157 3207 237 3269 stratis
257 3209 310 3271 tibi
336 3208 474 3289 stipulis,
508 3217 560 3267 aut
586 3203 767 3283 pediculosa
791 3201 893 3283 aliqui
911 3200 1038 3263 culcitra
1056 3188 1137 3265 inter

154 3303 273 3385 cimices,
290 3330 328 3372 ao
346 3307 492 3369 confecta
511 3305 643 3379 †††††)
661 3303 800 3383 pulicum
817 3299 970 3391 estaminia.

555 3426 714 3491 Custus.

209 3552 321 3633 Cupio,
342 3566 374 3618 et
391 3555 500 3617 videre
515 3551 641 3615 memini
659 3551 764 3614 ebrios
783 3550 852 3614 illos
871 3551 972 3615 modis
991 3552 1136 3614 omnibus

140 3654 314 3717 immundos.
743 3674 753 3695 ·
1291 3654 1315 3707 0

166 3883 196 3953 ¹)
215 3901 243 3938 us
258 3907 308 3939 nou
328 3896 380 3938 slot
397 3895 493 3938 etlam:
511 3893 602 3948 praelcr.
639 3880 684 3948 ⁸¹⁵)
703 3890 797 3947 alloqui
814 3891 907 3933 lautum
927 3887 981 3932 stt:
999 3887 1030 3931 ibi
1043 3888 1138 3933 lautum.

162 3967 225 4029 ¹¹⁸⁸)
247 3980 376 4023 luciacus
404 3979 488 4021 omnia
514 3975 644 4030 beigesslgt.
689 3964 768 4030 ml)
788 3973 943 4016 sordidam:
969 3974 1139 4027 conspurcatos.

161 4052 255 4119 Μ’)
273 4065 337 4106 alta:
366 4060 452 4106 omnis„
497 4049 770 4116 ***‘*⁴)posatores:
800 4058 905 4111 potores.
946 4044 984 4113 ἢ)
1002 4057 1141 4101 declamat:

155 4146 340 4193 oemoeuutur.
389 4136 448 4203 ††)
464 4149 546 4198 putet:
574 4144 662 4199 puteat.
707 4130 787 4198 †††)
805 4142 838 4185 stt
858 4136 918 4182 nach
938 4136 1040 4183 infectus
1057 4137 1140 4182 durch:
1186 4161 1192 4172 ·

156 4228 306 4288 sestrichen.
369 4217 472 4287 †††÷)
508 4227 570 4272 unda
601 4228 717 4270 mistiam:
754 4222 791 4280 qui
822 4221 934 4278 multam,
971 4220 992 4264 sl
1021 4220 1139 4278 inspicias.

151 4303 283 4374 †††††)
301 4314 418 4365 consecto
438 4306 566 4365 beigcmgl.
