2632 5086
848 656 861 695 Ι

221 756 294 832 272
448 730 451 736 ¹
508 754 568 829 De
594 755 746 854 Guajaci
768 755 953 834 medicina

219 944 410 1027 impediatur
437 966 474 1009 ac
495 945 635 1009 vitietur.
678 949 752 1010 Hae
778 949 855 1013 illud
882 951 1083 1029 aildendnar,
1113 958 1241 1040 quoda

219 1044 364 1128 Guejaco
382 1048 439 1132 qui
451 1047 582 1125 bibunt,
598 1058 760 1131 utcunque
774 1050 877 1112 affecti
892 1050 972 1128 sint,
993 1054 1100 1117 hocin
1114 1059 1240 1132 morbo,

218 1146 267 1211 his
286 1148 321 1210 iu
339 1160 458 1213 tantum
483 1148 602 1212 balneis
625 1171 705 1230 opas
731 1170 797 1210 nou
821 1172 890 1214 esse
910 1142 1053 1227 iuterim,
1085 1166 1121 1217 ut
1148 1158 1242 1222 ctiam

219 1260 329 1314 vetent
346 1261 463 1312 natiue
480 1248 552 1329 ejus
566 1250 677 1331 periti,
694 1248 867 1313 curationis
880 1248 975 1329 hujus
989 1263 1133 1333 ternpore
1147 1271 1242 1338 caput

217 1350 324 1426 attia,
350 1372 424 1415 raro
449 1354 565 1429 etiam,
593 1370 701 1435 neque
729 1373 870 1436 unquam
888 1350 1006 1437 frigida
1031 1375 1142 1420 manus
1168 1380 1242 1440 per.

217 1453 353 1519 uittam.

631 1666 824 1683 m

535 1922 537 1927 Ι
622 1828 735 1895 Carr'r
774 1829 834 1894 XI.
931 1847 935 1855 ’

215 1976 417 2071 Quomodo
438 1978 632 2056 adhibendi
653 1979 777 2051 sintin
796 1982 988 2056 curatione
1005 1985 1075 2057 hac
1091 1984 1236 2082 medici.

273 2165 337 2229 Sed
351 2163 414 2247 jam
429 2164 581 2246 auspicari
593 2165 717 2249 aliquos
733 2166 819 2241 scio,
838 2168 872 2229 id
890 2152 1090 2245 merendre,
1110 2194 1150 2233 nc
1166 2171 1237 2255 qais

215 2267 347 2333 omniuo
364 2268 507 2330 medicus
525 2267 710 2330 adhibeatur
725 2270 783 2333 hac
802 2254 1030 2345 incuratione,
1053 2271 1141 2352 quod
1159 2273 1238 2332 mid·

213 2378 282 2435 tum
298 2367 397 2431 abest.
434 2366 593 2431 Existimo
611 2367 715 2442 enim,
736 2369 941 2451 querendum
954 2370 1084 2431 doctum
1099 2369 1236 2452 aliquem

214 2478 249 2533 et
265 2468 476 2549 prudentem,
500 2468 622 2551 quique
641 2467 839 2533 insertieudis
859 2469 1021 2532 medicinis
1045 2470 1147 2531 aurion
1169 2492 1236 2533 nou

214 2567 484 2645 consuburtia
506 2567 657 2652 quidem,
686 2567 757 2649 ejus
783 2570 935 2639 utendum
957 2570 1117 2644 custodia,
1141 2571 1234 2633 etiam

211 2668 243 2738 si
260 2668 494 2735 administrandi
505 2667 638 2749 Guajaci
656 2688 748 2732 usum
763 2667 909 2731 didicerit
929 2658 1122 2751 praescripto.
1158 2669 1233 2732 lllos

214 2791 294 2833 vero
312 2769 435 2851 perdite
455 2780 611 2844 moratos,
637 2758 694 2851 qui
712 2768 913 2850 cupidissime
933 2771 984 2833 illa
1008 2771 1110 2833 nobis·
1127 2772 1234 2851 propi·

211 2866 293 2938 nent
305 2869 449 2946 exotica,
470 2882 524 2933 aut
540 2870 670 2952 siquod
689 2890 706 2929 a
721 2870 785 2935 Nili
798 2870 941 2934 sontibus
957 2871 1124 2933 advectum
1136 2870 1234 2933 medi·

212 2983 391 3037 cementum
417 2981 481 3046 est,
514 2971 604 3054 quod
629 2980 716 3032 tauto
745 2969 874 3048 majoris
902 2970 941 3032 ab
967 2971 1015 3034 his
1040 2970 1111 3033 ficri
1141 2973 1234 3047 solet,

213 3086 335 3160 quanto
346 3073 380 3136 ia
394 3071 498 3155 ipsum
509 3070 661 3152 impendii
681 3073 753 3152 plus
764 3082 931 3152 erogatur,
951 3074 1063 3152 procul
1080 3073 1233 3159 arcendos

212 3195 350 3250 moneo,
370 3184 402 3236 et
421 3194 462 3247 ne
481 3194 540 3255 per
559 3173 713 3235 caucellos
737 3171 867 3253 quidem
885 3170 1026 3250 conspici
1047 3170 1153 3233 abhis
1174 3194 1235 3251 acg-

213 3290 285 3337 rum
311 3273 422 3353 patiar·
465 3257 535 3336 Jam'
561 3273 623 3334 hoc
648 3256 752 3353 ipsam
777 3252 919 3350 comperi
942 3270 1027 3332 euim
1051 3270 1093 3333 ita
1112 3291 1181 3333 csse
1201 3281 1236 3350 nt

214 3372 417 3455 Asclepiades
432 3372 545 3447 sensit,
567 3372 623 3455 qui
647 3372 946 3434 medicamentorum
961 3382 1055 3451 potus
1073 3375 1233 3435 stomacho

213 3474 359 3539 inimicos
374 3454 515 3547 censuit,
538 3482 570 3535 et
583 3470 697 3547 Celsus
717 3471 774 3545 eit,
797 3470 1023 3533 medicamenta
1041 3470 1235 3535 stomachum

214 3573 285 3639 tere
303 3575 429 3637 ledere.
467 3571 647 3654 Quinetiam
670 3570 804 3653 contigit
821 3569 912 3644 mihi,
933 3571 1022 3653 quod
1040 3572 1125 3634 idem
1143 3580 1233 3634 autor

213 3674 287 3739 iore
304 3674 513 3756 predixerat,
538 3683 575 3734 ut
587 3672 698 3747 infuse
715 3668 896 3746 medicine,
917 3690 989 3733 cum
1005 3673 1077 3734 alvo
1093 3669 1235 3733 eontine-

212 3750 340 3849 icntur,
373 3773 408 3834 iu
425 3782 519 3851 caput
547 3782 699 3854 regestae,
733 3770 903 3834 immensos
931 3773 1059 3835 dolores
1082 3770 1235 3834 iacerent.

213 3877 312 3959 Quod
339 3870 539 3937 meminerint
565 3890 676 3935 omnes
703 3871 901 3936 curationem
931 3874 1011 3935 hauc
1034 3864 1235 3953 auspicaturi,

212 3998 255 4041 ne
291 3997 326 4038 se
360 3971 451 4035 istius
486 3970 613 4057 generis
644 3971 844 4047 carnificibus
880 3986 999 4037 temere
1032 3971 1235 4050 committant,

211 4087 416 4142 contentum
434 4072 478 4135 ob
498 4071 549 4148 id,
577 4074 667 4156 quod
690 4072 738 4135 rei
757 4061 870 4135 natura
888 4074 973 4136 haud
991 4074 1067 4137 dum
1085 4071 1235 4146 innotuit,
1265 4134 1269 4141 ,

212 4174 419 4239 verumetiam
447 4171 523 4257 quia
550 4193 620 4236 mos
645 4170 795 4247 estillic,
838 4192 1000 4256 nunquam
1024 4171 1118 4237 fateri
1142 4170 1237 4254 igno·

212 4275 369 4353 raetiam,
408 4293 534 4355 semper
568 4272 689 4357 aliquid
721 4270 858 4353 jubere,
903 4273 1022 4357 aliquid
1052 4273 1235 4356 propinare,

214 4374 333 4461 quibus
347 4394 443 4441 nemo
457 4392 654 4459 quocunque
673 4384 818 4453 tempore
834 4371 945 4437 lotium
963 4374 1116 4451 ostendit,
1135 4390 1236 4458 quea·
