2618 5094
218 1333 387 1407 Uln'chus
433 1333 482 1406 de
525 1333 666 1407 Huttelu
706 1329 870 1405 Amoldo
916 1327 963 1401 de
1005 1326 1217 1441 Gleuberg·

314 1479 574 1556 iureconsulto
592 1477 896 1554 Francofurdano
921 1473 1091 1553 Salutem.

194 1871 331 1969 Nauius
365 1904 478 1968 tertius
510 1904 694 1980 Tubinqam
724 1900 759 1964 in
791 1895 986 1965 deditionem
1023 1896 1213 1980 accepimus,

139 2014 141 2019 '
195 2025 298 2068 arcem
318 2005 421 2068 modis
442 2002 590 2065 omnibus
608 2011 642 2064 et
662 2012 774 2063 eontra
791 2018 1016 2085 quameunque
1031 1999 1097 2062 vim
1114 1995 1217 2060 muni-

195 2090 267 2168 tam.
294 2105 357 2166 Sed
372 2104 422 2166 ille
434 2102 601 2165 nobiseum
615 2110 748 2182 pugnat,
771 2101 827 2184 qui
838 2101 1000 2164 hominum
1011 2097 1217 2162 conscientias

194 2204 259 2285 agit
286 2216 317 2265 et
341 2201 550 2281 cogitationes
574 2200 713 2281 impellit.
750 2199 823 2283 lpse
841 2201 956 2276 vineit,
990 2200 1058 2282 ipse
1072 2200 1219 2262 debellat.

194 2304 270 2369 Huc
288 2325 345 2367 eos
364 2303 456 2377 mihi,
485 2301 512 2365 si
530 2301 586 2385 qui
602 2321 737 2384 usquam
755 2311 848 2379 sunt,
877 2300 934 2384 qui
951 2311 1085 2384 negant,
1113 2301 1219 2363 Deum

194 2424 303 2471 euram
320 2403 499 2469 mortalium
519 2403 636 2464 habere
654 2404 757 2466 ullam.
801 2403 848 2465 lta
868 2412 1055 2483 praesentem
1074 2409 1219 2466 Arnolde

195 2506 334 2570 divinam
367 2527 463 2586 opem
492 2502 669 2583 sensimus,
704 2502 748 2565 ita
783 2503 946 2566 manifeste
976 2501 1218 2581 conspeximus,

194 2611 294 2690 palam
320 2607 444 2687 experti
466 2626 584 2668 sumus.
634 2604 761 2684 Optime
786 2625 815 2665 a.
828 2613 1003 2668 Francisco
1027 2603 1161 2664 duetore
1187 2611 1219 2662 et

194 2706 450 2769 reverentissime
476 2715 603 2767 tractor.
650 2702 811 2785 Majorem
829 2705 862 2767 in
885 2703 1053 2765 Germania
1077 2701 1221 2765 humani·

194 2815 289 2867 tatem
318 2826 384 2868 non
415 2804 524 2869 inveni
561 2806 622 2868 hoe
650 2804 683 2867 in
713 2825 842 2887 genere.
899 2804 1003 2866 Habet
1029 2825 1080 2865 me
1111 2821 1221 2866 seeum

194 2905 339 2977 assidue,
370 2908 455 2969 etad
475 2908 554 2970 latus
579 2906 682 2970 habet.
721 2905 947 2980 Dormitum,
982 2916 1014 2965 et
1031 2903 1145 2966 sabulis
1166 2904 1221 2965 dat

195 3027 342 3089 operam,
381 3008 556 3092 miscetque
587 3006 746 3091 colloquia
774 3005 905 3068 mirillee
931 3005 1049 3069 suueuia.
1094 3004 1220 3068 Literas

193 3128 273 3171 vero
297 3107 484 3185 admiratur,
511 3120 546 3171 ut
571 3128 676 3170 nemo.
725 3107 864 3183 Magnus
890 3128 948 3186 per
971 3105 1075 3168 omnia
1097 3105 1163 3181 vir,
1188 3119 1222 3172 et

193 3207 310 3284 dignus
329 3230 424 3290 quem
450 3208 578 3272 maximi
597 3229 707 3270 omnes
725 3207 850 3269 faciant.
893 3207 1027 3271 Animus
1044 3207 1077 3269 in
1102 3219 1219 3271 utram-

194 3327 259 3389 que
278 3305 436 3369 fortunam
457 3311 614 3384 munitus,
652 3311 748 3384 altus,
783 3309 928 3372 invictus.
975 3309 1086 3370 Sermo
1112 3309 1219 3387 grauis

194 3404 351 3468 derebus
372 3408 516 3483 summis,
547 3410 603 3491 qui
629 3411 734 3489 arguit
753 3409 961 3487 cogitationes
983 3408 1060 3471 nihil
1083 3408 1218 3487 humile,

194 3505 382 3584 amplissima
401 3507 524 3582 omnia,
550 3528 586 3570 ao
605 3508 854 3589 splendidissima
871 3509 1033 3589 agitantes.
1072 3507 1220 3573 Conver-

193 3603 275 3670 mio
306 3617 354 3668 est
387 3604 550 3687 jucunda,
590 3609 696 3671 suavis
724 3609 899 3671 convietus.
951 3609 1094 3689 Superbe
1124 3608 1218 3688 nibil,

192 3700 363 3768 liberaliter
378 3707 484 3769 omnia
496 3707 573 3770 dicit
589 3728 625 3770 ae
641 3708 728 3771 facit.
764 3709 838 3789 lpse
850 3722 993 3789 apertus,
1014 3710 1080 3775 odit
1097 3711 1220 3790 sucum,

121 3845 125 3853 -
194 3802 369 3869 detestatur
397 3827 553 3888 pompam.
611 3810 683 3892 Age
714 3830 794 3872 vero
823 3811 908 3890 aputl
940 3813 1052 3874 milites
1082 3823 1220 3896 quantus

193 3901 307 3991 nvos,
337 3907 427 3990 quod
453 3907 655 3973 desiderium.
703 3910 791 3973 Pene
814 3912 922 3976 dolent
947 3910 1036 3975 alteri
1059 3912 1220 3976 exereitus

192 4022 345 4069 summam
375 4006 567 4085 permissam.
629 4008 748 4075 Carum
783 4032 852 4075 esse
883 4011 983 4092 jubeo
1014 4012 1132 4075 civitati
1160 4025 1220 4075 tuse

178 4099 324 4205 ⁸licentem
355 4106 458 4169 omnis
485 4109 611 4190 generis
639 4109 808 4174 virtutibus
841 4123 969 4174 auctum
997 4124 1030 4175 et
1063 4123 1220 4176 ornatum.

189 4198 276 4263 Hine
287 4196 337 4289 β
354 4218 515 4290 Aspurqoe
534 4211 804 4291 oppugnationem
822 4232 1004 4287 movemus,
1034 4211 1068 4276 vi
1082 4213 1220 4276 arbitror

191 4298 395 4382 capiendam,
431 4327 504 4369 nam
530 4307 570 4368 ab
599 4309 778 4373 bominibus
810 4310 929 4374 insessa
960 4322 1009 4374 est
1034 4312 1220 4396 desperatis.

188 4400 237 4467 a·
261 4401 406 4483 domem,
438 4406 467 4471 si
491 4409 621 4494 quando
645 4411 814 4476 auxiliator
842 4410 986 4477 Christus
1013 4412 1118 4489 dubit,
1154 4431 1220 4476 ama
