2632 5086
107 294 112 305 Ι

143 1192 216 1263 un.
238 1189 388 1263 Hutten
403 1188 576 1265 'arnoldo
598 1189 870 1287 Giauberget·0‚
902 1187 1166 1267 Jurisconsutto

503 1327 808 1401 truncatur-iano.

571 1554 737 1575 -ιῳ-

141 1704 242 1821 Quia
276 1730 393 1795 militia
427 1752 540 1794 versor
570 1743 601 1793 et
634 1733 775 1814 quaedam
808 1714 903 1795 debet
932 1733 1036 1797 inesse
1066 1734 1171 1798 ordini

138 1835 267 1898 militari
288 1835 447 1907 brevitas,
477 1833 583 1912 accipe
612 1834 652 1894 dr
678 1832 846 1895 bello-boc
868 1833 1019 1897 breviter.
1057 1835 1172 1898 Adnue

140 1939 267 2000 bostem
290 1956 356 1995 nou
376 1933 463 2008 vidi,
484 1946 515 1995 at
535 1934 630 1995 urbes
651 1952 685 1995 se
706 1933 864 1995 dederunt
883 1943 916 1995 et
934 1934 1010 2016 pagi
1027 1934 1169 2016 plurimu

141 2049 340 2117 putaturque
360 2037 426 2095 sota
446 2045 563 2097 restare
584 2033 750 2113 Tubinga‚
784 2032 818 2096 in
845 2055 940 2116 quam
965 2056 999 2097 se
1024 2035 1170 2099 nobilitat

142 2136 287 2198 contidit.
332 2137 410 2196 Nam
438 2136 478 2194 de
506 2156 577 2195 arce
602 2135 745 2214 Asparga
770 2133 903 2213 perinde
927 2154 1095 2199 noncura
1122 2147 1170 2200 esi

142 2239 294 2299 miiitibus
315 2235 442 2297 uostris.
490 2233 676 2296 Alistiuetur
703 2255 720 2293 a
747 2234 1021 2314 populationibus,
1050 2236 1110 2298 nisi
1130 2239 1170 2299 ad

146 2339 260 2399 rictum
290 2338 380 2417 quod
404 2333 523 2396 attinet.
551 2368 584 2379 -
605 2372 644 2385 -
661 2372 699 2384 -
725 2334 911 2412 Tyrannus,
931 2344 1074 2407 (Ulriaus
1103 2344 1171 2399 dux

154 2440 469 2516 Wirtemherqensis)
487 2435 542 2516 qui
562 2434 732 2515 peracerba
754 2455 819 2496 non
839 2445 958 2496 tantum
983 2427 1092 2519 pugna
1113 2456 1172 2501 ex-

152 2548 298 2615 cepturus
319 2555 394 2608 uos,
423 2534 478 2593 sed
500 2535 725 2614 profligaturus
745 2535 836 2596 etiam
858 2534 1039 2610 videbatur,
1061 2535 1169 2617 paucis

150 2656 214 2696 curn
235 2634 399 2717 equitibus
419 2633 543 2715 aufugit
562 2633 593 2694 in
617 2634 766 2708 Galliam,
789 2647 824 2695 ut
842 2635 965 2716 piures,
990 2648 1025 2698 ut
1042 2636 1169 2720 quidam

150 2774 181 2787 -
200 2777 238 2788 -
258 2775 297 2788 -
319 2737 359 2796 ad
379 2734 559 2808 Helvetios,
587 2733 642 2816 qui
663 2734 844 2797 mirabiliter
865 2737 1061 2816 deceperunt
1082 2737 1169 2799 illum

152 2838 243 2898 ablata
260 2835 397 2916 pecunia
413 2846 444 2894 et
461 2833 643 2895 ‹infraudata
664 2835 741 2895 tide:
762 2856 882 2896 summa
898 2835 944 2896 rei
965 2847 1028 2910 rst,
1049 2835 1169 2915 ejectus

151 2938 248 2999 amnia
283 2934 433 3017 perdidit.
484 2936 563 2996 Natu
589 2973 627 2985 -
651 2973 690 2984 -
713 2973 751 2986 -
780 2935 899 2995 etiamsi
925 2936 1170 3015 pertinacissime

152 3039 345 3100 obsidionem
365 3035 450 3096 terre
471 3035 656 3108 (lacernam,
684 3043 769 3094 tauto
791 3073 829 3085 -
847 3073 886 3084 -
905 3071 942 3084 -
966 3045 1084 3097 restare
1104 3055 1169 3095 nou

150 3148 305 3218 poterunt.
336 3134 510 3216 Copiarum
530 3136 614 3215 apud
633 3155 692 3195 nos
713 3133 790 3194 mira
810 3144 858 3195 est
876 3133 1043 3196 fortitudo.
1069 3133 1170 3218 Equi·

150 3250 206 3299 turn
233 3258 350 3298 census
378 3245 425 3295 est
444 3235 483 3294 ad
503 3235 560 3295 lV.
580 3233 692 3306 mitia,
730 3245 783 3295 aut
808 3233 889 3296 infra
909 3256 982 3296 etim
1002 3256 1167 3325 numerum

150 3339 285 3418 peditum
306 3337 416 3398 XXX.
441 3333 544 3396 miliia.
583 3334 801 3397 Machinarnm
828 3336 950 3415 species
976 3337 1072 3412 lange
1099 3338 1168 3416 pul-

150 3438 298 3500 cherrima
318 3434 424 3496 amicis
446 3446 509 3508 est,
537 3435 650 3497 terrori
671 3435 803 3498 inimicis
824 3456 956 3499 summm
996 3436 1074 3497 Dixi
1099 3434 1167 3510 tibi,

149 3560 208 3599 non
229 3558 300 3599 essa
325 3546 443 3595 metum
462 3534 501 3594 ab
520 3534 690 3609 Helvetiis,
715 3535 915 3618 quodetiam
935 3535 1082 3597 mentitus
1103 3558 1183 3623 non·
1206 3586 1215 3615 ,

148 3660 229 3709 sum,
257 3648 293 3695 ut
313 3634 404 3695 ctiam
424 3633 456 3694 in
476 3634 557 3696 votis
579 3635 618 3695 sit
637 3636 786 3700 militibus
811 3638 927 3698 nostris
950 3659 1093 3721 pugnare
1114 3639 1168 3700 ad·

147 3758 254 3799 versus
277 3734 490 3797 infidissimum
513 3747 649 3816 gentem.
686 3736 868 3820 Dicuntque
894 3759 1003 3800 omnes
1028 3736 1167 3801 omnium

147 3840 293 3901 ordinum
313 3836 443 3917 passim,
469 3836 587 3898 utinam
608 3876 644 3889 -
663 3874 701 3888 -
719 3877 757 3889 -
776 3875 814 3887 -
833 3839 884 3900 De
905 3838 996 3899 Gallo
1015 3838 1167 3915 nescitur,

147 3940 221 4022 quid
250 3940 302 4000 itte
328 3937 387 3998 sibi
417 3936 593 4019 promittat;
627 3958 686 3998 nos
714 3958 787 3998 euru
815 3958 922 4020 neque
948 3938 1115 3999 metuimus
1135 3948 1166 4002 et

148 4043 233 4102 valde
255 4059 428 4118 speramus.
468 4039 546 4101 Nam
573 4037 673 4116 copiis
699 4058 771 4098 cum
796 4038 1010 4111 abundamus,
1043 4039 1167 4101 hostem

146 4139 358 4202 desideramus
379 4147 540 4217 potentem
559 4158 615 4215 spe
635 4138 745 4217 praedae
774 4157 810 4198 ae
835 4137 943 4221 gioria
968 4137 1069 4209 simui.
1116 4141 1166 4201 De

149 4242 247 4319 prada
273 4239 349 4301 nihii
376 4239 452 4301 dum
477 4238 600 4318 accepi,
633 4252 668 4300 ut
688 4238 822 4318 primum
843 4259 1016 4317 accepero,
1048 4239 1166 4301 mittam

153 4338 261 4422 aliquid
293 4339 389 4401 uxori
417 4349 497 4412 turs,
536 4338 609 4415 tibi,
649 4359 828 4421 soceroque
858 4337 936 4400 seni.
992 4339 1041 4400 De
1068 4339 1164 4401 rebus
