2632 5086
383 748 432 824 ud
460 747 651 823 albertum
677 745 836 847 Princip.
860 748 921 825 lib'.
1044 792 1048 800 ·
1091 754 1162 829 aot

141 945 246 1027 quue
274 943 302 1004 si
321 942 417 1004 semel
443 961 510 1003 non
535 951 676 1015 moueat,
711 943 922 1024 repetendum
944 961 1015 1009 csse
1040 944 1163 1007 uolunt.

141 1044 225 1110 Mihi
245 1063 287 1106 ne
307 1042 476 1123 repetitum
495 1041 626 1129 quidem
645 1041 828 1112 cessit'lroc.

548 1262 741 1294 nnn—q·—

545 1427 657 1494 Csrur
697 1431 758 1494 tx.

252 1582 312 1654 De
347 1580 491 1654 ratione
526 1577 643 1652 victus
677 1578 714 1653 in
751 1581 940 1657 curatione
973 1585 1053 1657 hoc.

218 1752 312 1817 Circa
337 1752 439 1814 uictus
470 1749 625 1813 rationem
657 1750 758 1813 adhuc
783 1772 892 1834 pugna
921 1762 981 1815 est.
1029 1749 1165 1831 Quidam

142 1856 213 1918 solo
240 1875 320 1935 pane
346 1853 435 1934 quod
459 1850 721 1932 simplicissimum
739 1850 965 1915 nutrimentum
984 1861 1079 1914 vocat
1103 1852 1165 1914 Ga·

142 1956 253 2028 lenus,
291 1975 362 2016 cum
399 1955 594 2034 passiolorum
631 1951 782 2028 modico,
820 1952 992 2016 vivendum
1024 1964 1165 2030 censent,

144 2072 282 2136 carnique
306 2054 381 2116 dant
418 2063 554 2135 quatuor
589 2051 754 2115 unciarum
782 2051 850 2115 sine
877 2054 942 2116 salo
971 2064 1026 2117 aut
1055 2054 1166 2118 condi·

144 2167 267 2229 mento,
288 2154 438 2236 omnique
458 2153 491 2214 in
510 2151 696 2215 universum
713 2152 850 2216 obsonio
869 2153 1059 2218 arbitrantur
1073 2155 1167 2219 absti-

141 2257 299 2332 nendum,
330 2255 391 2320 nisi
418 2256 507 2339 quod
535 2254 657 2334 apullo
681 2252 853 2335 gallinaceo
873 2252 923 2334 jus
947 2255 1077 2338 aliquod
1095 2277 1165 2318 sor·

140 2356 211 2420 beri
230 2356 409 2437 patiuntur,
441 2366 493 2417 aut
513 2375 584 2417 curu
605 2375 685 2435 pane
703 2353 782 2417 inibi
800 2353 975 2417 madefacto
995 2356 1048 2418 cdi
1068 2357 1167 2420 semel

141 2458 203 2519 (lie.
243 2458 322 2519 Nam
342 2456 468 2536 vesperi
488 2466 601 2537 practer
619 2456 757 2535 parrulos
774 2467 805 2518 ct
822 2455 911 2538 panis
928 2456 1070 2530 unciam,
1088 2455 1166 2521 nihil

141 2559 227 2621 (lant.
265 2557 330 2620 Alii
358 2556 520 2622 dimidium
538 2556 614 2637 pulli
634 2555 812 2639 gallinacei,
845 2557 947 2620 adhuc
964 2544 1165 2633 molliusculi,

142 2672 195 2721 aut
216 2658 242 2719 si
260 2657 287 2721 is
307 2656 494 2732 adolcv'crit,
516 2668 659 2740 quartam¹
675 2667 813 2738 partem,
831 2655 865 2719 in
883 2676 964 2740 aqua
982 2670 1062 2740 pura
1077 2655 1166 2734 elixi,

144 2758 241 2839 eique
261 2777 328 2818 non
346 2758 461 2831 salem,
492 2778 559 2823 uon
588 2754 972 2841 condimeuunn'aliquod
991 2767 1166 2840 apponunt,

145 2857 206 2921 nisi
222 2857 309 2941 quod
323 2859 503 2921 saccharum
520 2858 633 2920 indunt
650 2857 756 2942 aliqui.
786 2858 882 2921 Panis
898 2879 978 2921 vcro
994 2857 1166 2921 tornutium

145 2959 230 3020 (lant.
260 2958 396 3040 Vesperi
408 2969 443 3021 ut
456 2958 544 3042 prius
557 2959 710 3040 passnlas,
725 2979 797 3021 cum
813 2958 902 3040 panis
916 2954 1021 3023 uncia.
1046 2957 1166 3021 Obser-

142 3061 281 3121 vandum
307 3071 410 3123 autem
437 3070 506 3121 toto
535 3057 706 3120 curationis
734 3057 829 3134 hujus
855 3069 1019 3137 tompore,
1050 3057 1165 3140 nequis

141 3164 235 3223 salam
252 3158 382 3222 omnino
398 3158 561 3241 degustet,
580 3178 692 3241 panem
708 3158 845 3240 probant
858 3156 1032 3234 triticeum,
1049 3154 1165 3235 album,

141 3280 161 3322 o
180 3262 263 3323 bene
283 3259 421 3323 cribrata
440 3259 564 3335 lorino,
595 3279 690 3342 quem
713 3259 834 3323 adhoc
852 3269 998 3341 parantes
1017 3259 1165 3323 saccharo

142 3362 313 3436 condiunt,
347 3359 438 3443 quod
470 3381 536 3422 non
562 3359 722 3423 abhorret.
769 3360 851 3425 Sunt
877 3360 933 3443 qni
957 3360 1031 3425 huic
1050 3380 1166 3422 mensu

144 3460 303 3542 atljiciant,
324 3483 391 3525 non
404 3472 468 3524 tam
480 3460 543 3525 cibi
555 3461 642 3537 uice,
662 3482 756 3546 quam
770 3461 933 3525 medicinas
945 3462 1035 3537 loco,
1053 3482 1165 3542 parum

143 3563 320 3646 boragiuis,
340 3575 392 3627 aut
407 3562 559 3625 loliorum
574 3573 707 3640 tantum,
722 3573 775 3625 aut
792 3562 818 3627 si
833 3561 911 3638 sint,
930 3562 1047 3626 llorurn
1060 3562 1165 3638 ctiam,

145 3664 236 3745 quod
253 3663 286 3727 in
306 3686 386 3748 aqua
407 3665 591 3740 decoctum,
620 3675 673 3725 aut
691 3663 893 3742 cunupullo,
921 3674 1009 3727 estur
1029 3674 1064 3725 ut
1082 3667 1165 3737 olus,

144 3774 241 3845 atquc
262 3765 340 3826 hanc
357 3765 441 3826 circa
466 3764 584 3826 tionum
604 3762 860 3827 observationem
879 3775 1034 3846 perpetuo
1057 3774 1166 3825 torteut

144 3863 253 3946 aliqui.
303 3866 467 3928 Nonnullis
496 3865 644 3925 videntur
673 3863 854 3947 quindecim
883 3864 951 3931 alies
982 3864 1054 3926 satis
1083 3884 1165 3939 osso,

142 3964 259 4027 deinde
277 3966 378 4031 letius
392 3966 509 4029 famant
522 3963 668 4027 sustineri
685 3965 811 4039 uolunt,
827 3975 860 4027 et
869 3964 1024 4048 vigesimo
1036 3963 1166 4047 qiidam

140 4067 195 4129 ‹lic
216 4066 262 4130 bis
281 4068 388 4131 cibum
407 4068 497 4144 (lant,
518 4068 607 4149 quod
620 4066 759 4131 uiderint
778 4066 835 4150 qui
850 4077 1036 4150 sequentur.
1068 4067 1166 4131 Certo

139 4166 225 4230 'enim
249 4169 311 4232 lroc
339 4170 402 4232 lcrt
427 4169 582 4233 medicina
604 4169 686 4244 hauc,
713 4178 749 4230 ut
774 4167 900 4243 inedia,
930 4178 1046 4251 quanta
1065 4167 1165 4251 possit
1264 4236 1267 4241 ¹

139 4269 294 4347 maxima,
328 4282 519 4334 extenuetur·
543 4292 637 4350 ager.
688 4272 877 4352 Quanquam
903 4266 1061 4331 nonnullis
1088 4288 1165 4329 con·
1265 4266 1277 4291 ⁸

141 4367 228 4453 tigit,
255 4371 337 4433 intra
358 4370 539 4454 quindecim
556 4371 624 4434 (lios
644 4369 677 4433 in
695 4379 798 4433 totum
816 4370 956 4445 restitui,
982 4368 1040 4453 qui
1058 4378 1165 4429 tantan
