2632 5086
160 828 231 897 sss
404 822 533 897 Febris
557 816 725 896 Secunda
745 823 934 922 Dialogus.

158 1014 252 1077 facile
265 1014 437 1077 connivent
451 1013 511 1087 ihi,
531 1024 567 1075 ut
584 1014 706 1077 lucrum
724 1014 777 1090 sit;
804 1015 889 1077 unde
907 1017 1051 1077 viverent
1066 1014 1187 1077 medici

159 1114 262 1195 enim,
283 1112 395 1177 sinon
414 1123 521 1177 essent
537 1112 667 1176 morbi?

589 1257 752 1322 Hutten.

233 1363 389 1430 Viverent
409 1363 553 1448 quidem,
573 1365 630 1433 sed
649 1365 806 1429 foderent.

590 1504 744 1571 Febris.

229 1612 333 1700 Igitur
351 1616 466 1681 medici
485 1637 551 1678 non
572 1628 687 1688 essent.

583 1760 749 1822 Ifutten.
810 1749 813 1755 ’

227 1867 432 1931 Aaronom
452 1878 574 1955 essent,
605 1879 637 1945 et
657 1869 767 1930 meiius
787 1867 915 1928 baberet
937 1866 1126 1938 (insuauia,
1154 1866 1180 1927 si

153 1986 225 2030 eum
245 1968 431 2033 Rabarbaro
450 1968 520 2045 iilo,
541 1980 572 2032 et
588 1968 799 2048 colocyntide
817 1978 912 2028 totam
929 1965 1181 2029 exterminarent

151 2068 347 2134 merh'corum
367 2070 515 2131 scholam.

586 2209 740 2272 Febris.

225 2314 328 2379 Etiam
349 2316 544 2381 Stromerum
569 2328 674 2391 tuum,
707 2329 740 2377 et
760 2316 928 2396 Comitum,
954 2329 985 2376 et
1005 2315 1174 2386 Ebellium,

149 2425 182 2477 et
202 2414 349 2521 lfioiitm,
378 2429 411 2480 et
428 2419 598 2481 nonnullos
617 2429 785 2498 praeterea,
817 2437 897 2500 quos
915 2427 949 2480 tu
969 2416 1080 2479 arnas?

576 2562 745 2623 Hutten.

222 2664 298 2728 Non
316 2666 397 2741 bos,
421 2667 483 2730 viri
505 2669 590 2731 enim
609 2667 687 2731 boni
705 2679 795 2741 sunt,
826 2678 858 2726 et
879 2665 921 2726 ob
940 2666 973 2727 id
992 2667 1098 2729 miuus
1119 2666 1174 2729 ali·

147 2763 277 2844 quando
298 2764 423 2827 medici.

581 2878 734 2943 Febris.

219 2984 373 3049 Medores
392 3001 517 3067 essent,
548 2988 680 3050 ellebori
703 2986 730 3049 si
755 2987 959 3048 infunderent
981 2985 1038 3047 tibi
1058 2989 1172 3066 porrdo

144 3086 276 3168 amptius
295 3086 373 3151 ΧΠ.

574 3203 738 3265 Hutten.

219 3306 306 3388 Quid
327 3317 463 3383 tantum,
488 3327 559 3370 mea
577 3308 758 3373 febricula?

580 3423 734 3488 Febris.

226 3521 302 3602 Quo
321 3519 472 3582 insumam
491 3536 707 3606 expurgarent
722 3524 797 3598 tibi,
817 3537 850 3587 ut
862 3527 909 3586 ne'
922 3526 1017 3587 velles
1029 3543 1172 3590 uxorem

64 3707 66 3711 Ι
140 3617 278 3695 ducere,
298 3619 412 3682 studiis
433 3631 524 3699 aptus
544 3623 661 3699 homo,
681 3625 733 3686 cui
754 3625 892 3706 quietern
912 3626 1028 3686 adimet
1045 3625 1114 3701 iun,
1137 3637 1172 3687 et

139 3719 299 3802 sapientiae
317 3719 456 3783 studium
474 3725 681 3802 praepeditum
698 3725 835 3787 habebit.

562 3837 643 3902 Hut
655 3852 736 3905 ten.

210 3933 354 3998 Uxorem
370 3933 499 4019 quidem
516 3935 635 4001 ducere
652 3943 792 4004 nondum
805 3939 953 4013 deerevi;
974 3957 1171 4022 quammram

136 4034 164 4096 si
181 4034 332 4098 ducerem
349 4057 415 4098 non
436 4037 551 4113 video,
573 4040 651 4122 quid
669 4062 825 4116 errarem,
845 4041 902 4101 tibi
921 4059 1000 4100 vero
1019 4040 1168 4102 eliebo·o

136 4153 206 4195 esse
226 4154 307 4214 opus
329 4136 440 4213 video,
462 4138 542 4199 linire
561 4160 627 4221 quo
648 4143 734 4213 eluas
753 4139 903 4206 insaniam
923 4137 998 4212 tibi,
1029 4161 1095 4224 qua
1116 4140 1169 4204 in·

135 4253 230 4295 sanos
249 4233 327 4296 facis
345 4236 433 4298 alios.

565 4334 740 4402 Febris.

208 4435 284 4518 Ego
300 4429 444 4520 quidem
455 4438 615 4503 studiosos
634 4439 728 4503 facio.
813 4472 817 4485 ·
