2632 5086
263 707 672 787 mensunusum
698 711 901 785 Huttenum
924 710 1043 811 Epist.
1106 715 1170 789 att

140 925 266 986 semper
292 903 439 968 excussit
462 905 613 971 hactenus
639 904 757 989 aliquid
776 904 922 990 negoti,
954 905 1174 973 lecttuienteaa

144 1014 354 1094 interpellans.
406 1016 504 1096 Quod
526 1014 590 1097 legi
612 1012 804 1096 perplacuit:
836 1013 917 1096 quid
934 1014 1019 1079 enim
1037 1016 1173 1079 Hutteui

145 1143 211 1183 non
237 1121 390 1203 placeat?
446 1121 576 1186 Febrim
611 1142 649 1185 ac
684 1120 931 1196 Phuuismun,
968 1122 1078 1186 nescio
1115 1122 1174 1209 qui

148 1241 290 1293 curarunt
309 1253 426 1295 rursus
449 1231 684 1295 excudendum.
721 1230 766 1294 At
784 1229 897 1293 Febris
916 1229 1056 1293 Lovanii
1075 1233 1173 1297 vetita

149 1352 189 1400 est
205 1339 359 1413 distrahi,
381 1340 471 1422 quod
489 1341 645 1423 quosdam
664 1340 712 1411 aias
734 1343 795 1403 taus
813 1338 999 1404 nominatim
1017 1339 1173 1424 attingere

147 1448 277 1509 ridetur.
312 1447 449 1531 Alioqui
469 1449 629 1529 perplacet
648 1447 805 1511 omuibus.
842 1447 1070 1524 Phalarismus,
1091 1469 1174 1532 quo·

146 1557 218 1619 aiam
248 1556 434 1619 adhaerebat
461 1555 578 1632 Fabri,
617 1577 681 1621 una
709 1577 782 1618 curn
812 1552 920 1617 Febre
948 1554 1078 1629 exulat,¹
1114 1554 1173 1619 sed

144 1664 290 1727 Loranio
312 1665 486 1727 duntaxat:
511 1685 618 1748 neque
637 1662 721 1727 enim
739 1663 865 1746 longius
884 1683 919 1724 se
934 1660 1058 1743 profert
1076 1659 1173 1739 hujus

143 1775 250 1836 scholae
270 1773 426 1852 tyrannis.
466 1774 675 1856 Susceperam
694 1783 726 1833 et
745 1769 923 1835 orationem
941 1768 1171 1846 excutiendam,

143 1903 193 1943 nec
217 1880 300 1946 satis
323 1879 411 1956 scio,
447 1901 514 1964 quo
535 1881 668 1944 consilio
690 1889 877 1960 prorogent.
917 1877 981 1942 Sed
1006 1875 1085 1962 quid
1109 1898 1173 1962 ega

144 1989 267 2052 audio?
303 1994 461 2049 Haueuus
477 2000 563 2053 totus
583 1988 707 2052 ferreus
728 1988 761 2051 in
777 1989 845 2053 acie
862 1985 1047 2050 dimicabit?
1074 1987 1172 2051 Plane

144 2099 257 2173 video,
279 2109 313 2158 te
334 2097 417 2158 betto
433 2107 556 2172 natum,
579 2096 715 2180 quinon
736 2097 853 2159 calamo
869 2107 988 2159 tantum
1006 2106 1038 2158 et
1052 2092 1171 2181 lingua,

145 2207 193 2268 sed
212 2218 248 2269 et
272 2205 443 2267 Mavortiis
462 2205 554 2267 armis
574 2224 708 2286 pugnes.
748 2205 938 2286 Quanquam
958 2203 1037 2285 quid
1054 2204 1172 2288 magni,

146 2314 169 2376 si
184 2334 274 2377 nunc
293 2312 382 2376 ausis
400 2313 482 2376 inter
501 2325 562 2376 tarn
582 2314 695 2375 multos
718 2314 869 2377 adversus
895 2333 996 2376 unum
1015 2333 1171 2393 pugnare,

150 2444 213 2485 rann
229 2423 312 2485 olim
329 2421 482 2485 Bononiae
500 2444 583 2486 unus
605 2432 665 2483 tarn
686 2422 802 2483 multos
822 2420 1011 2503 profligaris.
1055 2418 1171 2483 Laride

153 2529 256 2596 iortem
277 2531 437 2607 animum,
467 2530 523 2592 sed
548 2541 652 2592 tamen
672 2529 698 2591 si
721 2550 772 2592 me
793 2530 902 2593 audies
922 2526 1063 2595 servabis
1088 2539 1172 2593 Hut.

152 2647 246 2699 tarum
267 2639 387 2702 Musis.
425 2640 505 2702 Nam
530 2640 616 2702 unde
641 2635 734 2700 nobis
754 2639 814 2700 tale
834 2638 1014 2722 ingenium,
1045 2636 1172 2723 siquid

151 2748 278 2823 arridet,
308 2748 398 2830 quod
418 2756 559 2847 auertant
578 2746 719 2827 Superi?
755 2746 847 2809 Nosti
866 2748 1004 2811 Martem
1025 2748 1172 2831 ἀλλοπρό-

151 2869 274 2934 σιλλον,
312 2877 373 2919 nec
407 2855 481 2919 satis
518 2854 698 2936 propicium
732 2853 825 2918 bonis
860 2854 1022 2940 ingeniis,
1060 2867 1172 2937 utpote

151 2964 288 3030 lironem
310 2963 451 3027 omnium
470 2962 713 3026 stolidissimum.
751 2962 840 3025 Bene
860 2964 917 3038 sit,
945 2964 1003 3027 sed
1022 2973 1127 3026 tamen
1144 2963 1173 3031 si

151 3076 218 3157 quid
238 3071 411 3146 acciderit,
438 3071 507 3152 ipse
532 3070 588 3132 tibi
614 3069 676 3132 tuis
702 3068 823 3151 scriptis
850 3071 1037 3134 exstruxisti
1058 3093 1172 3137 mouu-

149 3195 281 3246 mentum
299 3202 362 3242 aere
374 3179 556 3260 perennius.
588 3178 703 3262 Neque
716 3199 775 3241 nos
791 3190 893 3241 tamen
910 3179 1052 3244 defuturi
1063 3202 1173 3247 sumus

149 3294 244 3355 officio
273 3300 399 3351 nostro.
448 3287 529 3349 Nam
554 3287 580 3348 si
608 3286 686 3370 quid
709 3295 845 3351 Erasini
867 3287 984 3372 scripta
1011 3289 1171 3368 valebunt,

149 3404 223 3462 nulia
243 3398 314 3462 dics
331 3418 471 3480 unquam
485 3395 618 3459 memori
636 3415 695 3456 nos
710 3395 825 3458 eximet
844 3417 923 3458 turo.
961 3397 1173 3481 Triumphum

149 3509 285 3570 roardum
307 3505 455 3568 vidimus.
506 3505 638 3566 Gratum
664 3514 751 3579 erat,
787 3504 877 3587 quod
901 3515 1016 3567 nostro
1038 3508 1172 3573 consilio

149 3624 198 3679 tam
214 3616 274 3678 diu
290 3611 483 3693 presserint:
510 3633 570 3674 nec
587 3612 714 3687 dubito,
738 3611 933 3696 quintanam
951 3628 1172 3696 argumentum

149 3726 200 3788 sint
233 3721 403 3786 moderati.
453 3720 609 3785 Rixarum
636 3721 740 3782 nuilus
770 3731 818 3783 est
848 3719 929 3785 finis.
981 3724 1024 3787 Ut
1052 3723 1172 3787 caeteris
1278 3756 1281 3763 ·

150 3833 291 3896 amnibus
307 3830 406 3894 simus
421 3830 622 3911 superiores»,
643 3828 871 3911 sycophantiis,
889 3830 1076 3906 mendaciis,
1095 3850 1172 3894 con·

151 3942 230 4004 viciis
251 3944 351 4021 longe
369 3938 538 4001 vincimur.
576 3940 651 4000 Non
671 3958 801 4018 possum
820 3957 886 3998 non
908 3936 1047 4021 ingenue
1067 3937 1171 4017 lateri,

153 4050 232 4130 quod
264 4068 345 4109 vero
382 4046 491 4111 verius
522 4056 579 4107 est.
628 4046 692 4107 Seu
723 4056 845 4125 praestat
877 4045 948 4108 hac.
964 4057 1053 4126 parte
1086 4048 1170 4111 uitro

154 4153 273 4219 herbam
291 4156 388 4231 dare,
420 4175 516 4237 quam
540 4154 675 4235 turpiter
700 4154 894 4235 depugnare.
946 4152 1062 4236 Neque
1089 4152 1174 4217 enim

100 4302 106 4321 .
161 4265 246 4327 totum
273 4262 537 4348 perpendendum
562 4272 609 4325 est
640 4261 749 4337 nobis,
787 4260 865 4344 quid
889 4259 1022 4345 dignum
1051 4261 1091 4323 sit
1123 4260 1173 4333 iis,
