2632 5086
340 688 445 796 Trias
470 722 638 799 Romana
659 722 847 826 Dialogus.
1040 728 1114 807 436

87 915 288 979 furacissimis
316 914 414 992 nnus)
441 917 514 979 audi
534 938 596 1001 qua
614 916 806 981 contumelia
822 916 998 1001 respondit.
1017 918 1111 983 'Non

88 1018 205 1093 solnm,
234 1016 353 1101 inqnit,
380 1016 522 1079 barbaris
549 1038 660 1081 aurum
685 1014 812 1081 ministre
830 1018 1024 1100 praebeatur,
1050 1021 1111 1085 sed

88 1118 180 1180 etiam
201 1118 227 1181 si
247 1120 329 1199 apud
349 1137 405 1179 eos
424 1116 588 1179 inventum
605 1116 719 1193 luerit,
748 1117 854 1181 subtili
880 1120 1043 1185 auferatur
1061 1120 1110 1185 iu·

87 1218 195 1297 gcnio.
232 1221 306 1281 Non
325 1218 382 1280 tuli
403 1218 600 1299 profligatam
619 1216 754 1279 hominis
766 1220 942 1297 audaciam,
962 1220 1019 1283 sed
1032 1240 1110 1283 cors·

87 1336 134 1380 rra
164 1321 321 1382 liberrime
351 1320 491 1381 invectus
518 1338 586 1381 sum
612 1317 652 1380 ad
671 1319 754 1380 hune
774 1322 1015 1400 propemodum.
1054 1320 1109 1385 'l'u

86 1422 167 1482 inter
187 1421 337 1482 barbaros
358 1420 419 1481 hoc
445 1431 588 1497 tempore
613 1417 707 1499 punis
726 1438 803 1493 nos,
835 1431 948 1503 etqua
967 1419 1108 1502 injuria?

85 1521 163 1585 Nam
183 1522 208 1583 si
227 1517 403 1582 barbariem
420 1538 517 1581 vocas
535 1516 727 1581 inconditam
747 1518 913 1603 quanrdasn
933 1517 1105 1594 feritatem,

85 1632 114 1682 et
137 1623 332 1683 inhumanam
352 1617 613 1698 asperitudinem,
640 1636 677 1677 ae
694 1617 789 1681 vitain
806 1616 980 1693 incivilem,
1009 1638 1107 1700 quan-

85 1733 150 1782 tum
170 1721 209 1782 ah
229 1721 266 1799 iis
287 1718 428 1782 moribus
448 1715 618 1780 absumus?
646 1727 699 1778 aut
725 1718 752 1779 si
778 1732 897 1799 praeses
910 1716 1108 1781 Christianos

85 1821 212 1901 reliqna
232 1838 341 1881 omncs
360 1829 490 1898 gentes,
511 1816 599 1899 quod
616 1817 752 1885 sensisse
773 1815 940 1881 Gratianus
961 1816 1105 1896 violetur,

82 1920 221 1982 barbara
243 1928 332 1993 snm,
365 1939 433 2001 qua
452 1914 628 1981 Christiana
646 1900 746 1999 magis
771 1916 834 1979 dici
853 1928 959 1998 potest
976 1921 1033 1980 hac
1051 1938 1108 1984 ns.

83 2019 187 2095 tione,
209 2041 278 2102 quae
298 2038 370 2081 cum
385 2026 535 2098 praeterea
555 2015 649 2093 fidei,
678 2017 891 2097 hospitalitatis
911 2028 942 2080 et
960 2031 1107 2084 constan·

84 2121 133 2182 tirc
161 2119 312 2200 opinione
340 2116 555 2181 commendata
580 2115 726 2179 omnibus
751 2117 860 2180 mnndi
880 2118 1027 2199 gentibus
1044 2120 1105 2215 sit,

81 2220 165 2281 circa
185 2220 331 2300 pietatem
349 2218 394 2279 its
411 2238 446 2279 se
464 2216 631 2299 religiose,
651 2228 683 2278 et
702 2232 807 2281 sancte
826 2218 924 2299 gerit,
944 2230 982 2283 ut
994 2238 1105 2282 omnes

79 2321 170 2383 lacile
191 2329 319 2401 superet
338 2319 398 2380 hoc
417 2316 524 2378 studio
549 2316 693 2380 nationes
713 2317 797 2383 alias.
836 2320 911 2398 Qua
930 2340 1024 2385 carisa
1044 2318 1106 2400 igi-

80 2432 133 2485 tur
153 2422 268 2482 idonea
294 2428 359 2490 est,
390 2436 449 2480 cur
477 2418 535 2477 hac
559 2416 768 2499 appellatione
791 2418 1043 2493 dehonestanda,
1070 2428 1105 2481 et

80 2542 159 2582 auro
179 2518 340 2598 spolianda
358 2514 525 2577 videatur?
552 2515 614 2579 nisi
633 2526 757 2581 vestros
788 2516 881 2581 nobis
899 2538 1005 2581 mores
1024 2538 1104 2599 pras·

80 2618 191 2701 ponis,
213 2618 337 2699 quiales,
358 2616 438 2696 proh
454 2612 594 2676 Christe!
615 2619 740 2697 quales,
760 2634 792 2680 et
806 2637 899 2700 φιαιῐι
909 2618 1041 2699 dignos,
1062 2619 1103 2681 ad

81 2740 163 2802 qsros
175 2706 371 2798 purrienrlos,
392 2712 559 2777 universus
578 2713 696 2777 circum
716 2715 819 2789 orbis,
840 2718 931 2800 quasi
942 2717 984 2781 ad
997 2718 1103 2781 extin-

80 2819 242 2901 guernlurn
261 2833 428 2878 cornmune
447 2813 576 2897 aliquod
594 2813 774 2877 incendium
790 2828 961 2899 consurgat
998 2838 1035 2881 ac
1053 2815 1102 2879 in·

79 2919 223 2980 vehatur.
256 2916 318 2979 Sed
333 2935 374 2977 ne
392 2933 443 2977 me
467 2913 518 2994 jus
536 2912 628 2976 civile
639 2934 704 2975 non
719 2913 865 2977 didicisse
877 2917 1030 2995 impostor
1049 2916 1102 2980 ille

79 3019 240 3093 crederet,
261 3017 321 3081 seis
340 3013 412 3095 ajo,
432 3015 559 3097 quade
574 3012 667 3076 robis
688 3033 819 3095 quoque
840 3023 974 3075 statuant
991 3014 1102 3097 leges?

78 3136 110 3181 et
129 3117 273 3199 adposito
298 3116 426 3191 codiee,
455 3134 522 3176 eam
552 3114 594 3175 illi
614 3112 735 3175 Leonis
762 3112 958 3191 imperatoris
978 3115 1101 3196 legem,

79 3242 148 3303 quse
167 3228 273 3292 cavet,
305 3215 419 3298 nequis
437 3235 496 3296 per
516 3212 715 3297 largitionem
738 3213 779 3277 ad
796 3212 1017 3296 episcopatus,
1045 3224 1104 3279 aut

78 3319 252 3381 sacerdotia
271 3317 425 3397 adspiret,
445 3315 581 3380 ostendi.

484 3414 692 3481 Ernhold

153 3514 369 3579 Memorabilis
389 3528 452 3592 est,
471 3528 505 3583 et
522 3538 599 3580 rere
609 3524 716 3577 sancta
731 3515 802 3590 lex;
821 3510 879 3576 sed
889 3530 954 3598 qua
970 3509 1028 3575 vix
1042 3512 1099 3577 alis

79 3616 290 3695 contemptius
309 3616 479 3699 negligitur
497 3618 605 3681 hodie.

502 3718 689 3781 Hutten·

153 3814 298 3880 Obsecro
317 3814 392 3900 quia
408 3812 575 3881 meministi
591 3826 646 3897 tu,
662 3819 776 3892 raclta,
795 3823 833 3876 ut
846 3832 917 3898 qua
930 3809 966 3875 in
976 3810 1100 3876 aaron·

77 3937 149 4001 gam
166 3914 371 3993 retorserim,
389 3916 509 3981 audias.

491 4016 694 4081 Ernhold.

150 4117 184 4181 Si
204 4138 394 4201 quemquam
411 4121 463 4182 vel
487 4118 522 4180 in
542 4120 598 4181 hac
615 4117 706 4201 regis
724 4114 814 4191 urbe,
842 4112 896 4175 vel
918 4112 954 4177 in
975 4104 1098 4172 cedris

76 4220 264 4303 provinciis,
306 4243 375 4303 quac
401 4230 471 4283 toto
503 4220 581 4283 orbe
607 4229 761 4281 terrarum
787 4214 917 4283 diffusas
933 4221 1023 4282 sunt,
1055 4206 1099 4273 ad

78 4320 274 4403 episcopatus
301 4323 432 4403 gradium
466 4322 616 4403 provehi,
645 4320 719 4383 Deo
744 4326 874 4389 autore,
911 4305 1098 4393 configeris,
