2632 5086
339 728 386 798 ad
409 726 600 799 Albertum
632 700 876 822 Principdib.
1052 730 1121 805 287

89 918 312 1003 depurgando.
351 918 418 982 Jarn
440 918 562 982 Plinius
583 929 729 1002 quantam
751 928 783 978 et
802 939 894 1001 quarn
914 919 1122 984 necessariam

87 1021 160 1085 salis
181 1020 245 1082 viru
266 1020 431 1082 arbitratus
449 1033 515 1085 est:
536 1021 611 1083 Siue
633 1020 717 1096 sale,
737 1017 857 1103 inquit,
874 1018 939 1083 vita
954 1020 1122 1085 humanior

87 1126 208 1203 degere
229 1124 348 1203 nequit.
389 1126 479 1205 Ergo
499 1121 597 1206 igitur
617 1119 705 1202 ajunt
723 1120 783 1197 illi,
813 1122 901 1205 quod
922 1121 994 1185 alibi
1016 1120 1121 1185 omnia

86 1237 274 1297 conservat,
304 1226 468 1307 quomodo
494 1225 556 1287 hoc
582 1223 615 1284 in
634 1222 748 1286 morbo
774 1243 980 1306 corrumpere
1000 1220 1120 1308 aliquid

87 1325 218 1406 potest?
248 1327 300 1408 ,m
315 1346 388 1385 cum
407 1326 464 1386 hae
485 1323 702 1386 incuratione
724 1325 827 1387 danda
843 1325 1001 1406 precipue
1022 1346 1123 1407 opera

86 1427 140 1498 sit,
162 1426 305 1504 corrupti
324 1427 464 1487 humoris
486 1425 623 1508 nequid
645 1425 801 1502 abundet,
822 1430 866 1488 sal
887 1448 964 1488 vero
985 1429 1119 1489 sorden-

86 1536 132 1587 tes
156 1547 265 1602 ormres
284 1526 531 1589 lrumcetationes
552 1528 689 1589 resolvat
712 1549 748 1587 ac
767 1528 929 1602 emendet,
954 1540 985 1590 et
1003 1527 1119 1591 fluxio·

87 1648 159 1686 nem
179 1625 323 1705 corporis
344 1637 542 1706 compescat,
564 1626 714 1689 credibile
735 1638 820 1701 crat,
841 1627 1001 1707 copiosius
1023 1649 1119 1712 quarn

86 1727 179 1801 alibi,
214 1727 442 1808 indulgendum
465 1728 530 1789 sali.
570 1727 693 1790 Verum
711 1726 770 1790 alia
793 1726 876 1790 circa
900 1712 1117 1791 tractationem

86 1831 165 1888 lrarrc
192 1829 335 1889 habenda
359 1827 440 1890 ratio
470 1840 527 1889 est.
566 1830 608 1888 Et
632 1827 769 1908 primum
801 1828 929 1912 quidem
959 1829 991 1891 in
1017 1839 1118 1893 totum

85 1930 176 2010 qurul
195 1930 234 1989 ad
254 1929 400 1990 morbum
418 1929 501 1997 hunc
525 1928 682 2009 pertinet,
711 1916 876 2012 quomodo
897 1933 914 1991 a
937 1929 1023 1991 salsis
1049 1950 1119 1993 non

86 2028 253 2103 omnibus,
279 2030 336 2091 sed
355 2029 395 2090 ab
416 2028 462 2091 lris
484 2051 553 2111 quae
575 2029 736 2110 copiosius
760 2041 850 2096 acuta
870 2041 962 2103 sunt,
997 2042 1117 2111 tempe·

84 2129 217 2189 randum
237 2150 319 2208 sagro
339 2129 395 2205 sit,
416 2135 433 2191 ir
452 2129 581 2192 predicis
600 2142 742 2210 petatur,
762 2151 829 2192 rem
849 2152 917 2192 eam
930 2131 969 2192 ad
986 2133 1117 2211 plenum

84 2231 182 2290 multo
201 2226 262 2308 jam
282 2240 353 2290 ante
374 2231 597 2312 prosequutus,
623 2232 663 2296 ad
684 2251 837 2311 praesens,
866 2232 956 2313 quod
974 2243 1006 2295 et
1025 2232 1113 2295 Gua-

82 2330 143 2407 jaci
168 2331 430 2391 medicamentum
452 2330 622 2412 quaeritur,
649 2352 815 2411 possumus
840 2332 969 2405 dicere,
1005 2352 1115 2414 quam·

82 2453 176 2513 qnam
201 2431 233 2491 in
255 2429 420 2505 omnibus,
447 2430 566 2513 alioqui
585 2451 758 2495 nervorum
783 2430 1008 2514 passionibus,
1030 2441 1062 2503 et
1081 2430 1115 2493 in

81 2532 127 2595 his
160 2532 216 2613 qui
248 2552 290 2591 cx
318 2530 479 2613 sanguinis
512 2532 737 2613 depravatione
767 2534 937 2613 pullulant,
981 2530 1114 2607 morbis,

81 2652 217 2714 quaeque
241 2651 282 2690 ex
312 2632 393 2693 flava
426 2634 477 2693 vel
504 2644 569 2693 atra
595 2632 679 2708 bile,
714 2644 767 2696 aut
794 2636 872 2697 salsa
902 2631 1014 2714 pituita
1039 2643 1113 2696 sunt

82 2730 340 2807 aegritudinibus,
360 2733 526 2795 adversum
546 2732 616 2794 salis
632 2756 740 2809 usum,
760 2734 820 2797 nisi
841 2730 988 2817 cniguum
1004 2733 1114 2795 admo-

82 2833 175 2903 dum,
212 2830 312 2892 scirmt
332 2851 456 2906 omnes,
490 2833 575 2915 quod
595 2832 621 2895 is
642 2833 782 2896 acumine
810 2856 868 2898 suo
896 2836 991 2899 bilem
1018 2833 1112 2911 acuit,

80 2930 332 3013 sanguinemque
358 2930 478 3007 adurit,
522 2944 553 2993 et
580 2933 685 2995 nativa
711 2933 831 2996 siceitat
856 2935 1008 2999 humores
1040 2935 1110 2997 illos

78 3032 224 3112 corporis
243 3033 418 3095 fomentum
438 3054 582 3096 arescere
600 3032 688 3108 lacit,
710 3031 880 3096 etidcirco
901 3034 1008 3095 omnia
1025 3036 1111 3095 vale-

76 3133 193 3196 tudinis
213 3132 354 3196 subsidia
373 3135 485 3195 avertit
505 3145 537 3197 et
556 3133 727 3208 interimit,
747 3144 851 3194 tamen
871 3133 955 3197 cirea
975 3130 1110 3215 Guajaci

76 3234 394 3310 administrationem,
423 3245 524 3298 totum
551 3236 735 3298 universum
761 3232 831 3297 salis
858 3255 951 3297 usum
978 3232 1109 3297 interdi-

75 3347 150 3396 cunt
168 3357 206 3398 ca
232 3335 378 3411 ratione,
406 3357 470 3418 qua
489 3348 578 3399 acuta
603 3348 802 3416 praeteream,
831 3346 864 3397 et
888 3333 982 3397 facile
1009 3354 1111 3416 pene·

77 3434 189 3495 trarrtia
208 3436 332 3509 omnia,
352 3448 384 3497 et
404 3435 435 3497 in
455 3435 502 3500 his
522 3436 709 3513 aromatica,
730 3449 762 3498 et
781 3435 908 3511 vinum,
929 3436 1020 3520 quod
1039 3446 1108 3499 ont·

77 3533 128 3595 nia
151 3531 332 3615 hujusmodi
360 3536 508 3600 acredine
535 3561 592 3601 sua
619 3550 650 3599 et
680 3537 714 3601 ri
740 3537 958 3619 penetrativa,
983 3546 1106 3599 meatus

76 3655 186 3695 omnes
206 3628 411 3716 patefaciunt,
440 3637 596 3722 altiusque
623 3638 827 3722 pertingunt,
856 3658 921 3721 quo
942 3648 1105 3721 grassante

75 3755 260 3817 percorpus
279 3736 417 3818 impetu,
440 3738 572 3817 Guajaci
594 3739 718 3801 interim
736 3736 826 3819 operi
846 3739 935 3800 locus
956 3758 1026 3802 esse
1046 3737 1104 3799 rni-

74 3834 158 3897 nirrre
176 3848 289 3917 potest.
329 3839 426 3918 Quod
445 3839 473 3900 si
485 3840 538 3901 cui
556 3841 602 3901 ha·
622 3839 723 3903 minus
743 3837 933 3903 satisfaciant
951 3838 1102 3915 rationes,

71 3938 103 4000 ei
122 3957 185 4020 ego
204 3937 340 4002 dixerim
359 3939 448 4021 quod
470 3940 510 4002 de
529 3951 674 4023 magnete
693 3941 800 4002 lerunt
819 3938 957 4020 physici,
983 3939 1009 4001 si
1030 3936 1101 3999 allio

68 4051 287 4121 perungatur,
316 4060 382 4101 non
411 4041 563 4103 attrahere
593 4042 735 4117 ferrum,
768 4059 840 4101 cum
866 4039 912 4100 sic
935 4038 1103 4123 quamdam

67 4139 199 4202 subesse
228 4130 383 4202 occultam
402 4152 433 4203 et
459 4142 543 4204 haud
570 4142 646 4203 dum
675 4139 748 4203 satis
774 4137 932 4221 cognitam
957 4136 1101 4220 Guajaco

68 4238 149 4314 virn,
176 4251 208 4303 et
235 4242 297 4303 hoc
318 4240 452 4303 maxime
470 4241 636 4324 proprium
654 4241 725 4303 salis
750 4261 842 4303 usum
864 4251 899 4301 ut
920 4238 1099 4315 abhorreat,

67 4359 260 4425 pessumque
289 4352 358 4416 cat,
391 4342 521 4405 inducto
549 4362 601 4404 eo.
639 4343 747 4425 Atque
774 4341 839 4403 lroec
863 4340 904 4401 de
923 4340 995 4404 salis
1014 4339 1100 4421 fugi·
