2632 5086
155 795 201 863 ³8
464 754 638 855 Minutas
661 777 847 878 Dialogus.

154 978 258 1044 modio
280 999 347 1061 quae
367 985 433 1037 tuta
450 970 614 1057 probitas?
645 972 803 1057 quassatis
822 972 880 1035 tibi
898 971 1017 1036 munite
1033 970 1167 1056 integri.

152 1091 199 1142 tas
218 1076 366 1140 videtur?
656 1146 661 1161 ι

580 1172 734 1239 Castus.
852 1224 854 1228 ,
984 1229 987 1235 .

229 1277 310 1340 Mihi
337 1275 464 1360 quidem
485 1273 629 1349 videtur,
662 1272 729 1353 ipsa
757 1272 856 1335 Pallas
881 1272 938 1333 hac
964 1271 1169 1335 assuetudine

155 1386 353 1441 contractura
370 1377 503 1448 melum,
523 1373 575 1435 uti
590 1371 737 1454 contagio
751 1383 813 1439 tam
825 1372 976 1453 pestiicro
994 1370 1165 1445 inficiente,

155 1478 203 1540 Ac
221 1476 334 1538 misere
354 1473 564 1554 decipiuntur,
594 1472 650 1554 qui
668 1491 784 1553 pueros
802 1470 836 1533 iu
854 1473 955 1535 atulam
972 1470 1165 1533 erudiendos

154 1576 297 1649 mittunt,
324 1567 405 1637 'cum
437 1573 511 1636 inde
538 1572 589 1647 vi,
620 1583 653 1635 ct
674 1569 822 1634 uolentia
849 1568 1031 1632 extrahendi
1057 1568 1165 1650 potius

155 1685 269 1738 esseut.

522 1848 526 1856 ι
552 1770 765 1834 Misaulut.

226 1877 268 1940 Ut
300 1898 416 1940 narras·
466 1874 589 1936 Verum
616 1881 753 1953 egestas,
791 1890 883 1952 quarn
899 1869 1001 1944 dixi,
1033 1890 1104 1933 suas
1129 1878 1169 1935 et.

152 1976 219 2057 ipsa
246 1975 307 2037 sibi
342 1983 444 2054 partes
467 1970 498 2047 ²⁴¹)
527 1968 685 2041 vendicat,
720 1969 928 2032 necessarium
959 1971 1163 2043 maium,et

153 2074 241 2156 quod
256 2072 305 2147 **)
333 2070 449 2151 optime
478 2067 647 2130 instimtam
672 2066 808 2130 indolem
827 2069 996 2150 pervertit,
1022 2090 1082 2131 uec
1100 2068 1163 2133 sibi

152 2183 294 2234 constare
313 2170 403 2243 sinit,
433 2167 521 2250 quod
541 2164 609 2242 ***)
640 2169 742 2230 omnia
759 2172 879 2232 venalia
897 2169 1006 2243 habet,
1034 2180 1067 2231 et
1084 2156 1168 2233 nihil-

111 2332 114 2337 ,
150 2293 216 2334 non
240 2269 380 2351 pecunie
406 2265 509 2330 studio
536 2264 626 2342 tacit,
657 2288 693 2331 ec
719 2268 844 2350 patitur.
882 2270 957 2331 Haec
981 2269 1163 2349 proditores

150 2370 267 2453 gignit,
300 2390 337 2430 ac
362 2366 457 2428 rebus
484 2387 606 2448 semper
632 2369 723 2431 novis
742 2372 855 2433 studet.
891 2369 992 2431 Vides
1013 2367 1097 2433 enim
1123 2378 1162 2431 ut

150 2491 229 2550 opus
249 2481 290 2532 stt
308 2469 471 2548 egentibus
491 2469 568 2542 iuis,
590 2470 677 2550 quod
696 2470 879 2551 prodigam,
901 2468 1159 2550 quandoquidem

149 2581 180 2632 et
198 2566 273 2649 ipsis
295 2588 459 2631 commune
486 2579 532 2630 cst
558 2588 628 2629 cum
655 2568 720 2631 aliis
746 2571 855 2630 iurum
879 2567 1010 2629 coiere?
1047 2566 1159 2650 itaque

147 2668 318 2729 undeunde
344 2678 491 2748 possunt,
522 2667 707 2741 corradunt,
737 2688 794 2747 per
820 2669 867 2729 sss
894 2688 930 2726 ac
956 2666 1043 2729 nefas
1073 2688 1160 2750 que·

146 2778 251 2830 rentes
267 2766 366 2840 **'‘*).
418 2764 514 2829 Certe
542 2766 642 2856 enim,
672 2777 707 2827 ut
736 2766 787 2829 ilie
815 2767 875 2840 ait,
907 2765 977 2829 viro
1004 2765 1158 2831 esurienti

147 2886 286 2928 necesse>
296 2876 343 2930 est
360 2864 470 2929 iurari.

577 2963 731 3029 Castus.

219 3065 304 3144 Ouid
330 3064 393 3129 tu?
430 3065 503 3128 lilos
523 3085 676 3146 pauperes
696 3066 868 3130 deteriores
887 3075 976 3148 putas
995 3066 1063 3143 his,
1096 3065 1153 3150 qui

143 3183 186 3225 ex
204 3183 372 3239 crumena,
394 3175 430 3227 ut
446 3165 548 3228 fertur
567 3167 714 3245 generosi
732 3166 831 3228 sunt?

540 3265 752 3328 Misaulus.

216 3362 299 3424 Nihil
317 3364 430 3426 minus.
468 3365 531 3427 Sed
559 3388 616 3428 sun
633 3376 706 3427 stmt
731 3362 839 3427 stillis
860 3365 950 3441 vitis,
987 3388 1055 3449 qun
1073 3366 1153 3431 nihii

141 3460 182 3523 ad
199 3463 281 3523 hunc
298 3465 412 3525 locum.
462 3467 599 3545 Egentes
619 3486 697 3528 vero
712 3465 744 3540 †)
764 3464 906 3528 omnibus
926 3487 1048 3545 semper
1066 3464 1152 3529 vitiis

142 3560 274 3624 obnoxii
293 3574 376 3624 sunt.
424 3565 503 3626 Nam
517 3565 577 3639 Η)
603 3565 665 3626 cito
686 3585 814 3626 munera
833 3565 990 3647 accipiunt
1009 3567 1070 3630 cito
1090 3590 1150 3650 spo

140 3660 218 3722 lucri
237 3662 331 3723 fidem
348 3661 517 3744 frangimt,
546 3665 670 3741 eti-H)
689 3665 801 3727 adduci
820 3665 910 3729 facile
928 3678 1079 3747 possunt,
1111 3679 1149 3731 ut

140 3760 301 3822 commissa
314 3750 505 3825 sibisccrete
517 3764 673 3841 effutiant,
693 3776 725 3826 ct
742 3767 851 3842 ††††)
864 3788 918 3842 en,
939 3790 1006 3850 quae
1021 3767 1055 3829 in
1068 3787 1157 3829 con·

138 3858 211 3922 sitiis
232 3861 344 3940 agitate
365 3874 457 3936 sunt,
478 3865 627 3944 prodant,
647 3877 682 3926 ut
706 3866 843 3949 iniquam
866 3868 1000 3949 principi
1020 3886 1148 3931 cansam
1180 3918 1183 3923 .

137 3961 364 4024 commendent.
384 3962 443 4024 His
460 3963 718 4029 intercessoribus
732 3967 830 4051 siquis
845 3986 901 4031 eos
920 3964 1053 4048 pecunie
1063 3986 1145 4047 pre·

170 4201 193 4261 ⁸)
211 4208 267 4262 stit'
277 4221 377 4266 partes:
405 4218 485 4275 partes
503 4217 554 4264 sibi.
595 4211 635 4272 *Ἴ
652 4228 677 4268 et
694 4224 776 4279 qnod:
801 4233 857 4279 que.
899 4210 952 4269 Ψ)
970 4220 1051 4277 qaod·
1077 4218 1142 4280 Qnae.

167 4285 408 4354 ⁸¹“2'tqrarenscs
428 4305 538 4358 quarunt.
571 4303 596 4357 i)
613 4319 672 4354 vero
691 4306 820 4363 beigesezt.
848 4296 895 4363 ii)
912 4305 977 4350 Nam
995 4303 1142 4360 sciissent.

82 4393 96 4408 ⁸
168 4368 232 4437 tii)
250 4387 275 4426 rt
295 4381 425 4439 seigesezt
462 4379 542 4447 ἢῆ)
558 4396 599 4435 ct:
616 4392 649 4436 rt.
