2618 5094
221 821 290 893 002
397 813 454 887 Ad
476 804 704 885 Fridericum
728 806 806 889 Suu.
840 810 937 881 Duc.
963 805 1069 902 epist.

220 1027 302 1069 vcro
322 1015 353 1067 ct
379 1003 585 1078 detrimento,
614 1020 684 1085 quse
704 1001 743 1063 ab
770 1000 820 1063 itu
847 999 941 1062 nobis
965 1009 1041 1059 sunt
1067 997 1264 1075 tyrannide,

219 1107 304 1169 huud
321 1106 454 1184 perinde
473 1103 575 1167 multis
595 1101 753 1183 egendum
772 1112 838 1162 est:
866 1100 976 1183 quenl,
996 1101 1060 1162 hoc
1084 1098 1191 1181 quale
1211 1097 1261 1171 sit,

220 1205 385 1271 manifeste
399 1224 508 1266 ornnes
522 1202 704 1285 intelligant.
736 1201 906 1275 Videmus,
926 1220 990 1261 nou
1003 1219 1076 1262 esse
1091 1220 1219 1261 aurum
1232 1199 1262 1260 in

222 1305 408 1384 Germsnia,
433 1324 492 1365 nec
511 1314 677 1385 argentum
698 1324 802 1384 pune:
827 1303 853 1365 si
879 1302 967 1384 quod
987 1302 1157 1383 reliquum
1179 1321 1262 1363 vero

221 1417 291 1480 est,
321 1403 425 1486 ipsum
450 1402 629 1467 avarissime
649 1405 688 1466 ed
717 1403 884 1478 retrahit,
915 1401 1007 1464 novis
1035 1400 1195 1481 quotidie
1216 1402 1261 1462 in·

221 1506 324 1568 ventis
346 1504 481 1578 artibus,
508 1503 559 1589 ifle
580 1501 791 1566 sanctissimus
820 1502 1076 1565 ltornanisturnm
1106 1514 1258 1565 senatus:

221 1606 278 1670 ubi
298 1606 376 1689 quid
395 1604 548 1686 cripuerit
567 1626 668 1679 vero,
703 1616 767 1666 tum
789 1604 821 1665 in
840 1602 993 1684 pessimos
1013 1602 1149 1664 confert
1171 1625 1259 1665 usus.

198 1709 328 1775 .Vnitis
350 1705 434 1767 enim
453 1704 554 1774 scire,
574 1705 740 1778 Germani,
762 1725 830 1785 qnae
853 1702 917 1764 ridi
937 1705 1021 1784 ipse,
1050 1703 1137 1785 quid
1165 1704 1261 1767 facin

222 1810 333 1871 Bonus
353 1817 459 1866 nostra
489 1803 649 1884 pecunia?
687 1805 834 1865 Nonnihil
855 1803 938 1864 iuuit.
977 1803 1110 1865 Partem
1141 1804 1179 1865 iu
1205 1827 1258 1866 nc-

222 1918 313 1990 potes
346 1926 422 1966 suos
453 1915 484 1965 ct
510 1915 662 1981 cogrrstos
695 1903 860 1984 profundit
889 1903 1060 1967 Decimus:
1097 1906 1197 1968 habet
1220 1908 1257 1968 ita

221 2011 337 2071 multos
357 2006 408 2066 itte
433 2008 527 2080 teies,
557 2017 592 2067 ut
611 2006 784 2085 proverbio
804 2008 908 2067 lorum
930 2004 1090 2067 dederint.
1132 2008 1257 2069 Leonis

222 2107 333 2171 Romae
350 2107 484 2192 'cognati
504 2118 536 2166 et
560 2108 678 2169 udiincs
702 2126 837 2191 partem,
866 2118 983 2187 partem
1004 2106 1181 2169 absumunt
1210 2120 1253 2167 tot

217 2205 497 2289 reverendissimi,
525 2226 607 2286 quos
624 2205 750 2287 triginta
771 2229 868 2268 unum
887 2218 976 2288 peter
994 2205 1045 2266 itte
1070 2228 1139 2268 nno
1161 2219 1254 2290 atque

151 2306 158 2319 ’
222 2307 337 2367 eodem
357 2305 475 2365 crearit
496 2304 564 2366 dic:
592 2317 639 2365 tot
658 2306 886 2379 referendarii,
906 2316 954 2367 tot
973 2306 1253 2387 arntitores,'pro·

223 2405 389 2479 tonotarii,
411 2405 663 2480 abbreviatores,
683 2407 853 2486 scriptores
871 2405 1054 2485 apostolici,
1077 2407 1248 2479 camerarii,

225 2509 391 2581 officiales,
424 2518 455 2566 et
484 2506 518 2568 id
543 2526 644 2588 genus
674 2505 725 2568 alii
756 2506 906 2587 principis
930 2507 1072 2567 ccclesiae
1097 2506 1246 2586 primates.

222 2609 303 2673 Nem
330 2607 360 2672 lri
387 2619 459 2687 post
489 2627 523 2668 se
547 2607 673 2671 trahunt
708 2609 839 2669 inaximo
867 2608 966 2669 adhuc
991 2627 1067 2669 curu
1096 2607 1249 2685 impensa,

225 2708 401 2787 copiistas,
436 2707 593 2786 pedelos,
634 2726 802 2781 cursores,
838 2717 1040 2785 scopatores,
1076 2706 1250 2779 muliones,

225 2805 432 2881 stabularios,
467 2815 498 2866 ct
517 2820 697 2869 scortorum
724 2806 889 2887 utriusque
920 2827 1016 2870 sexus
1037 2803 1249 2868 innumerabi-

224 2905 286 2967 lem
313 2905 452 2982 turbem,
489 2917 520 2967 et
545 2906 697 2968 lenonum
726 2907 912 2967 exercitum.
951 2906 1050 2984 Alunt
1082 2915 1115 2966 et
1148 2926 1248 2978 canes,

226 3024 327 3087 equos
347 3027 383 3067 ac
402 3005 522 3079 simias,
558 3019 590 3068 et
616 3006 872 3087 cercopithecos,
899 3015 932 3065 et
952 3003 1141 3081 hujusmodi
1161 3007 1250 3067 multa

225 3104 320 3169 enimi
344 3128 447 3169 cause.
493 3107 616 3169 Domus
646 3127 724 3167 vero
745 3116 927 3167 'exstruunt
950 3105 1054 3169 solido
1086 3105 1249 3188 quideme

224 3226 398 3280 marmore,
420 3219 451 3269 ct
466 3228 603 3288 gemmus
616 3205 744 3267 habent:
766 3216 952 3288 cernuntque
972 3206 1077 3279 laute,
1098 3226 1136 3266 ec
1151 3209 1250 3286 splen·

226 3305 301 3367 dide
320 3305 515 3380 vestiuntur,
535 3317 567 3367 ct
580 3305 676 3387 genio
692 3305 907 3387 indulgentes,
928 3325 1040 3369 secure
1054 3306 1250 3370 deliciantur.

226 3403 264 3465 ln
277 3426 413 3476 summu,
432 3419 547 3466 nostre
566 3405 706 3482 pecunie
722 3405 867 3484 presidio
881 3425 993 3485 magua
1009 3405 1129 3469 otiatur
1147 3409 1250 3470 nome

225 3501 437 3583 pessimorum
469 3502 631 3566 hominum
665 3506 843 3568 multitudo.
893 3508 983 3568 Nulla
1011 3504 1056 3568 ibi
1087 3505 1251 3588 religionis

226 3620 320 3675 eure,
348 3621 480 3683 mugnus
500 3614 548 3666 est
566 3615 783 3684 contemptus,
805 3608 929 3688 qualem
948 3605 1003 3666 vix
1024 3607 1111 3684 apud
1134 3609 1251 3671 'turcas

225 3720 296 3763 esse
311 3698 457 3764 arbitror.
482 3702 659 3777 Fraudsnt,
675 3705 859 3785 imponunt,
873 3705 1035 3781 furantur,
1047 3708 1252 3779 mentiuntur,

203 3799 339 3887 ,tanum
367 3800 559 3882 obsignant,
593 3824 650 3883 spe
676 3804 755 3867 lucri
781 3804 886 3868 omnia
915 3805 1024 3867 dicunt
1051 3826 1090 3867 ae
1115 3806 1252 3869 iscium:

226 3901 427 3984 propositum
447 3923 526 3965 vcro
545 3903 661 3965 hebent
680 3904 712 3966 hi
731 3927 860 3980 omnes,
879 3904 1021 3986 pecuniis
1041 3906 1162 3968 nostris
1185 3904 1254 3968 insi-

227 4002 318 4067 diari.
354 4001 418 4066 Alii
445 4004 579 4076 vivunt,
606 4016 642 4066 ut
669 4005 764 4067 edmn
791 4016 887 4088 atque
908 4005 1033 4078 bibant,
1061 4016 1096 4066 ct
1115 4017 1256 4087 sumptu·

227 4100 369 4165 osissime
395 4100 605 4165 delicientur:
637 4103 819 4188 nostrisque
839 4104 1017 4183 sumptibus
1036 4105 1257 4188 adsequuntur

226 4203 298 4265 hoc.
346 4203 412 4262 Has
439 4200 483 4262 ob
501 4223 553 4265 res
579 4202 781 4279 immensum,
812 4225 833 4266 o
853 4204 1064 4269 Frulsriche!
1094 4205 1166 4268 anri
1196 4203 1258 4267 rim

200 4316 203 4323 '
227 4301 363 4363 Romam
382 4303 550 4383 quotannis
569 4303 642 4365 hinc
659 4303 826 4379 mittimus,
847 4326 905 4369 nce
923 4306 1026 4370 edlrue
1040 4305 1258 4387 inteliigimus,

226 4401 337 4483 perdi,
357 4402 447 4485 qnod
463 4402 510 4465 sic
528 4404 713 4486 elargimur,
734 4403 830 4470 immo
844 4426 910 4469 uon
929 4405 1021 4486 perdi
1036 4426 1107 4469 rem
1127 4417 1259 4477 tautum,
