2618 5094
134 810 206 879 302
424 805 484 876 De
511 802 660 902 Guajaci
686 801 867 876 medicina

132 995 255 1077 epulis,
293 995 510 1081 extractisque
541 997 678 1070 mensis,
712 1007 743 1056 et
769 994 988 1080 frerprentihns
1018 997 1155 1078 poculis,

131 1098 256 1162 iuterim
268 1099 440 1160 vinolentia
455 1118 585 1180 <proque
602 1108 742 1163 careant.
763 1099 917 1160 crrrditate
929 1111 960 1161 et
976 1098 1156 1174 insomniis,

133 1220 203 1283 quse
221 1200 310 1262 istam
324 1209 563 1282 conseqursunur
580 1198 722 1260 mollitiei
740 1197 980 1279 irululgentiarm
994 1190 1101 1260 morbi
1114 1218 1157 1261 ex

131 1298 272 1363 totietate
290 1298 384 1360 nimia
404 1300 617 1371 concitantur,
646 1298 748 1380 inquit
770 1298 996 1375 Hieronymus.
1033 1298 1155 1361 Scitum

132 1411 180 1463 est
205 1400 265 1462 hoc
288 1397 452 1480 eujusdam
477 1400 622 1460 nostratis
644 1397 775 1473 medici,
808 1397 957 1479 quicum
979 1378 1067 1478 regui
1089 1400 1156 1460 cui·

131 1503 219 1577 (lam,
256 1500 312 1585 qui
336 1511 462 1564 veteres
484 1499 522 1563 in
555 1497 639 1561 tibiis
665 1498 831 1561 fluctiones
865 1499 1059 1580 patiebatur,
1091 1520 1155 1560 rne-

131 1602 280 1678 uerene,
321 1613 416 1686 atque
444 1602 470 1663 is
502 1602 633 1681 crapula
667 1610 750 1663 esset
777 1601 925 1675 deditus,
969 1611 1002 1660 et
1028 1599 1155 1663 fortiter

130 1701 275 1779 biberet,
310 1701 503 1765 meminus
537 1714 640 1764 tamen
671 1712 862 1784 quereretur
888 1699 962 1761 nihil
995 1703 1155 1780 proficere

124 1804 352 1881 medicamina,
381 1807 459 1889 quin
472 1807 576 1867 *multo
597 1804 707 1876 etiam,
727 1824 822 1884 quam
841 1824 859 1863 a
879 1801 1034 1884 principio
1055 1802 1153 1879 magis

132 1907 233 1970 fluere
247 1911 363 1969 ulcera.
391 1906 467 1982 leta,
488 1907 632 1988 quidem,
652 1903 772 1986 inquit,
786 1905 886 1965 fluere
898 1899 1059 1975 desinunt,
1078 1902 1104 1962 si
1118 1913 1155 1963 tu

132 2004 301 2067 infundere
323 2006 459 2069 desinas.
500 2007 638 2067 Galenus
656 2007 800 2077 athletas,
824 2022 963 2085 qarorum
979 2002 1041 2062 vita
1057 2012 1091 2062 et
1105 2021 1154 2063 ars

131 2105 239 2186 sagina
259 2116 326 2179 est,
357 2123 417 2167 nee
437 2105 546 2167 vivere
565 2125 661 2185 posse
681 2105 754 2177 diu,
780 2122 841 2164 nec
859 2122 952 2163 sanos
973 2092 1156 2178 assentur,

131 2204 313 2286 animasque
334 2225 463 2280 eorum,
494 2203 536 2266 ita
556 2204 653 2265 nimio
673 2203 825 2286 sanguiue
846 2214 878 2263 et
898 2202 1041 2280 adipibus
1063 2202 1155 2286 qrrasi

131 2308 198 2368 luto
216 2303 390 2380 involutas,
417 2302 497 2367 nihil
513 2307 649 2379 caeleste,
678 2306 734 2366 sed
753 2325 877 2384 semper
897 2304 937 2364 de
957 2301 1105 2364 carnibus
1123 2314 1157 2363 et

130 2415 241 2480 ructu,
274 2424 311 2466 ae
336 2405 456 2468 ventris
482 2404 623 2483 ingluvie
650 2405 804 2485 cogitare.
860 2403 991 2484 Antiqui
1019 2403 1157 2464 Romani

130 2526 269 2568 mensam
286 2505 495 2570 neeessariam
510 2505 682 2578 vocabant,
703 2526 773 2588 quae
790 2503 893 2566 tenuis
911 2514 992 2564 esset
1008 2513 1040 2563 et
1057 2502 1157 2585 frugi.

132 2608 176 2667 Et
195 2607 279 2684 apud
299 2608 428 2669 Grecos
453 2605 550 2666 literis
578 2608 734 2667 clarorum
756 2605 903 2667 virorum
928 2603 1090 2664 decantata
1109 2614 1159 2667 eu

130 2705 301 2782 ἕλιγοσιτία.
339 2704 430 2768 Essei
455 2706 614 2788 (procidam
640 2704 724 2785 apud
749 2716 875 2767 veteres
901 2703 1028 2766 Jrnlaeos
1053 2705 1157 2785 philo·

125 2805 305 2883 sophorum
326 2825 444 2887 genus,
465 2805 505 2867 ab
525 2804 665 2886 Josepho
685 2805 866 2880 laudantur,
891 2804 980 2888 qnod
1000 2800 1157 2883 jejunium

133 2904 352 2987 quotidianum
373 2906 540 2969 vertissent
560 2903 593 2967 in
612 2904 872 2968 consuetudinem
891 2916 923 2967 et
949 2909 1076 2967 atteram
1101 2928 1158 2969 na·

131 3017 244 3070 turam.
275 3006 504 3071 Pharisaeorum
524 3007 608 3070 idem
627 3004 853 3069 continentiam
872 3005 974 3067 effert.
1013 3007 1077 3087 Qui
1096 3026 1157 3070 nos

131 3108 272 3190 perditos
294 3107 396 3172 voluit
415 3108 505 3183 olim,
530 3109 610 3169 harre
626 3108 724 3169 credo
746 3105 874 3167 vivendi
893 3107 1158 3172 consuetudinem

131 3209 320 3288 imprecatus
346 3220 404 3273 est.
452 3209 564 3291 ltaque
590 3219 651 3269 tam
675 3205 808 3268 sollicite
836 3207 884 3267 M.
899 3207 1011 3282 ¹Cato,
1047 3219 1084 3268 ut
1108 3218 1158 3271 eat

133 3310 218 3386 aprrd
244 3310 403 3382 Plinium,
442 3331 515 3370 cum
540 3308 701 3380 timuerit,
740 3327 782 3369 ne
808 3308 958 3389 quaudo,
998 3327 1070 3367 eum
1098 3327 1158 3370 sua

131 3405 282 3481 mollitie,
318 3425 444 3489 suoque
474 3409 573 3477 lrrxu,
615 3407 648 3468 in
680 3406 796 3470 ltaliam
826 3407 1013 3486 invaderent
1034 3406 1156 3483 Greci3

132 3506 204 3590 ipris
241 3526 287 3567 ex·
320 3507 436 3569 nostris
468 3505 641 3587 majoribus
674 3507 782 3582 cavit,
830 3529 870 3569 ne
906 3508 983 3589 quid
1015 3527 1159 3591 unquam

121 3607 265 3669 istorum
280 3607 473 3669 venderetur
494 3607 527 3668 in
541 3606 708 3668 Germania
726 3605 1009 3669 condimentorum.
1039 3608 1159 3671 Pereat

131 3704 241 3791 piper,
270 3718 379 3787 pereat
402 3726 552 3781 crocum,
581 3725 616 3766 ac
635 3706 770 3769 sericum
789 3718 907 3786 pereat.
951 3709 1017 3770 Aut
1036 3706 1063 3769 ri
1083 3707 1157 3791 quis

132 3807 314 3889 apud‘afias
345 3817 473 3890 gentes,
501 3805 636 3870 istorum
658 3829 735 3871 usus
758 3822 823 3887 est,
855 3811 963 3870 saltem
981 3828 1020 3870 ea
1037 3809 1158 3872 nesciet

132 3911 198 3974 hee
219 3910 322 3984 natio,
350 3919 403 3971 aut
421 3928 582 3992 nunquam
601 3906 718 3970 videat.
756 3910 956 3972 Nostratibus
977 3930 1056 3971 vero
1075 3911 1157 3973 hano

133 4021 269 4074 utentem
290 4009 377 4073 indat
398 4007 542 4073 Christus
563 4008 636 4088 opi.
657 4008 765 4084 Mam,
785 4022 820 4072 ut
839 4011 1040 4093 antiquorum
1061 4011 1102 4073 ad
1122 4030 1157 4074 se

134 4123 288 4174 revocent
314 4111 544 4194 frugalitatem,
578 4120 610 4172 et
629 4108 784 4188 majorum
807 4131 842 4171 se
863 4109 1059 4188 parsimoniae
1076 4128 1158 4170 eon·

133 4209 283 4273 forment.
325 4214 448 4293 Quanta
466 4209 560 4273 animi
576 4209 792 4292 magnitudine
808 4209 958 4272 barbarus
967 4209 1158 4274 Anacharsis

135 4306 227 4391 jactat
242 4310 313 4371 vitu
325 4310 513 4375 institutum.
543 4311 626 4373 Mihi
645 4313 893 4391 pulpamentum,
911 4309 1029 4392 inquit,
1044 4308 1155 4385 fona,

135 4409 239 4473 cubile
259 4412 377 4487 solum,
396 4412 495 4476 vestis
513 4412 691 4490 Scythicum
709 4421 847 4493 tegmen.
881 4409 1013 4472 Ebrium
1023 4408 1157 4475 Aueni-
