2632 5086
374 723 422 797 ad
444 722 635 797 ailbertum
664 721 824 822 Princip.
851 722 913 801 lib.
1082 736 1152 809 2⁹⁹

127 920 206 981 luxu
221 914 425 990 deliciantur,
442 914 589 978 omnibus
604 915 719 996 passim
733 916 894 979 obnoxios
906 916 1155 1001 egritudinibus.

129 1021 231 1100 Quam
252 1017 382 1096 proprie
400 1015 498 1095 igitur
516 1017 706 1094 locupletem
726 1016 898 1100 podagram
916 1018 1050 1099 appellet
1065 1020 1155 1099 Saty·

127 1119 229 1193 ricus,
263 1118 353 1200 quod
373 1128 503 1193 egentes
522 1114 641 1196 fugiat,
674 1127 706 1177 et
724 1116 910 1195 abstemios,
937 1120 1021 1198 apud
1039 1118 1153 1182 divites

127 1232 161 1281 ut
181 1219 349 1299 plurimum
369 1219 499 1289 baereat,
526 1217 731 1295 crapulones,
756 1216 889 1293 ebrios,
913 1232 945 1281 et
965 1219 1153 1295 deliciarios,

127 1321 182 1404 qui
203 1331 237 1381 nt
257 1320 342 1381 idern
362 1321 458 1398 po'c‘ta
476 1317 604 1399 inquit:

196 1423 323 1475 Interea
340 1427 453 1494 qustus
471 1419 619 1473 elernenta
634 1434 695 1489 per
711 1418 820 1474 omnia
837 1430 992 1494 quarunt.

126 1518 237 1600 Itaque
256 1540 329 1580 cum
353 1518 469 1581 affatim
491 1518 647 1599 producat
671 1518 736 1579 haec
760 1529 846 1581 terra
869 1518 940 1581 vita
965 1519 1152 1596 necessaria,

126 1632 229 1682 tamen
249 1618 340 1700 quasi
367 1623 384 1680 a
408 1629 517 1679 natura
547 1616 703 1691 derelicti,
737 1619 778 1679 ad
806 1629 937 1680 externa
963 1619 1153 1702 confugiunt

125 1732 246 1795 vestes,
275 1721 383 1792 cilios,
410 1717 613 1792 medicinam,
634 1717 675 1778 ab
693 1718 840 1781 Herculis
862 1719 1034 1793 columnis,
1054 1720 1151 1781 a't'a-

124 1821 268 1901 probana
286 1821 408 1892 insula,
436 1825 454 1880 a
475 1820 586 1901 Gange
605 1817 727 1891 fluvio,
762 1828 817 1880 aut
835 1840 905 1901 que
924 1821 995 1881 loca
1013 1818 1079 1882 istis
1098 1818 1152 1881 ad·

125 1924 188 1984 huc
205 1922 378 2005 longinqua
397 1921 496 2002 magis
515 1932 603 1993 sunt,
632 1929 662 1979 et
679 1918 773 1981 aNiti
791 1940 892 2001 prope
908 1930 981 1981 ortu
997 1930 1152 1999 petentes.

123 2022 179 2086 Dii
205 2022 336 2085 mortuis
364 2023 557 2095 irascantur,
586 2019 642 2101 qui
665 2021 728 2082 boc
752 2020 785 2080 iu
812 2021 1012 2082 Germaniam
1035 2022 1150 2083 malum

124 2123 316 2184 admiserunt
339 2122 442 2203 primi.
481 2122 562 2183 Rem
595 2121 741 2182 focerunt
772 2120 855 2183 enim
882 2120 1043 2203 indiguam
1069 2122 1152 2185 Ger·

123 2244 213 2284 muna
231 2223 392 2301 gravitate.
438 2223 517 2285 Nam
537 2224 611 2283 tales
632 2223 715 2284 baud
735 2221 865 2285 luerunt
888 2223 930 2285 illi
949 2236 1091 2301 veteres,
1115 2223 1152 2285 id

123 2326 210 2406 quod
223 2345 348 2386 mecum
366 2325 532 2404 increpare
550 2324 643 2386 decet
663 2321 816 2404 optimum
836 2343 1007 2408 quemque.
1033 2326 1076 2388 Et
1093 2320 1149 2405 qui

123 2426 264 2506 potiores

189 2534 341 2589 Herculis
357 2547 516 2587 erumnas
534 2533 659 2599 credat,
676 2530 991 2607 accommodares,

189 2627 234 2680 Et
254 2627 399 2692 Vener-c,
417 2634 445 2677 et
461 2627 575 2693 crenis,
595 2633 624 2678 ct
637 2626 756 2694 plumis
774 2627 1011 2697 Sardanapali.

123 2728 166 2786 At
187 2732 207 2786 ὸ
223 2723 349 2785 Christe
364 2744 459 2805 quam
473 2725 620 2798 delicata,
643 2745 736 2806 quarn
755 2724 891 2790 salubria
906 2724 1052 2789 alimenta
1066 2736 1149 2802 sunt,

123 2844 165 2883 cx
193 2823 317 2905 siligine
343 2834 397 2885 aut
421 2823 522 2887 tritico
542 2826 649 2905 panis,
678 2845 719 2885 ex
743 2824 848 2899 milio,
882 2848 996 2904 oryza,
1028 2824 1150 2907 ptisana

123 2935 154 2984 st
174 2943 274 2984 avena
295 2926 407 3003 pultes.
444 2926 536 2989 Adde
554 2927 677 2987 olorum
692 2935 741 2986 tot
759 2925 899 3006 specics,
921 2927 1001 2987 adde
1020 2928 1150 2988 lrorten·

123 3023 164 3087 sia
186 3024 400 3099 condimenta,
423 3026 562 3100 anisum,
583 3026 800 3099 coriandrum,
822 3025 1000 3099 cuminum,
1015 3025 1149 3086 loerricu·

123 3127 196 3198 lum,
218 3125 300 3185 adde
313 3124 431 3205 sinapi,
450 3146 595 3200 crucam,
610 3147 706 3205 cepe,
722 3146 870 3207 porrum,
885 3125 996 3200 alium,
1014 3135 1046 3187 et
1060 3125 1148 3209 qnod

123 3226 143 3285 ri
162 3224 266 3286 Plinio
286 3225 507 3299 crederemus,
527 3228 718 3306 peculiarem
736 3225 770 3286 in
789 3224 998 3287 condimentis
1016 3225 1149 3308 gratiam

123 3327 232 3387 babere¹
258 3326 370 3387 debuit
396 3325 523 3407 apium,
550 3337 581 3388 et
601 3338 696 3408 potus
723 3326 793 3389 rice
820 3324 1014 3391 cerevisiam.
1052 3325 1147 3389 Adde

123 3424 211 3485 etiam
238 3447 296 3503 pro
324 3425 475 3488 divitibus
495 3425 622 3500 vinum,
658 3424 831 3507 simplicem
850 3437 883 3487 et
901 3425 1076 3500 sinceram,
1112 3436 1147 3488 nt

123 3524 307 3603 Apollonius
329 3528 440 3600 scrrtit,
462 3539 553 3589 terrae
572 3527 761 3608 potionem..
784 3527 887 3608 quue
906 3547 1001 3605 parce
1021 3527 1147 3589 bibatur

123 3623 238 3686 sivein
257 3625 385 3688 Francis
411 3638 536 3701 natum,
564 3626 633 3689 sive
661 3627 700 3690 ad
727 3626 833 3690 Rheni
857 3624 953 3707 ripas.
991 3626 1086 3711 Adde
1105 3648 1146 3690 ex

123 3723 233 3785 nornis
247 3726 428 3789 animalibus
446 3747 572 3800 carnes,
587 3726 660 3789 binc
678 3726 838 3799 cicurum,
855 3725 930 3788 inde
943 3725 1079 3799 ferinas,
1099 3725 1147 3787 iu·

123 3822 258 3899 jucundo
277 3848 480 3909 nequaquam
501 3846 626 3905 sapore.
665 3826 736 3889 Neu
754 3824 905 3888 arborum
921 3823 1147 3887 contemnendi

123 3924 253 4001 ructus,
279 3947 376 4009 quam
404 3927 496 3987 dives
524 3937 571 3987 est
592 3925 778 4001 Germania,
804 3946 900 4007 quam
918 3924 1055 3987 abundat
1074 3923 1146 3986 vitra

123 4023 285 4100 diruentis,
302 4048 398 4108 quam
411 4027 526 4088 allatim
541 4024 686 4109 suggerit
697 4025 895 4088 necessaria?
921 4026 1035 4087 Meum
1049 4024 1146 4107 igitur

123 4145 266 4189 tammum
280 4138 390 4188 votum
405 4138 471 4203 cst,
492 4150 534 4189 ne
548 4146 689 4208 unquam
700 4124 862 4209 podagra,
877 4146 1018 4209 uuquam
1031 4127 1146 4189 morbo

123 4223 231 4288 lallico
260 4238 406 4303 careant,
435 4229 491 4310 qni
518 4227 629 4309 pipere
647 4246 756 4294 carere
781 4248 848 4289 non
866 4238 1010 4308 possrmt.
1049 4228 1091 4289 Et
1111 4230 1147 4289 ul

123 4324 280 4409 liquando
300 4328 416 4390 niiserc
434 4329 551 4391 samem
568 4328 655 4390 fcrre
675 4340 850 4408 cogantur,
871 4328 926 4407 qni
946 4350 1032 4390 nnnc
1053 4329 1145 4391 muli·
