2632 5086
140 772 206 847 tto
304 767 348 843 In
370 764 559 843 Ulrichurn
584 762 972 861 Wiirtenbergensem

136 978 179 1027 ne
207 961 280 1024 licta
306 959 472 1034 homines,
510 968 565 1020 aut
593 955 772 1040 conquisita
799 956 991 1019 arbitrentur
1008 950 1060 1027 Ὅ,
1098 968 1169 1012 oon

138 1061 276 1126 dicendo
302 1071 458 1134 exornet,
487 1060 545 1122 sed
568 1056 848 1121 commemorando
870 1055 976 1139 qualia
994 1066 1087 1143 sunt,
1118 1076 1169 1118 re·

138 1162 290 1227 censeat?
328 1164 405 1225 Haec
424 1172 488 1223 tun
505 1159 648 1234 lunesto,
676 1167 739 1220 tarn
758 1154 944 1239 prodigioso
962 1157 1078 1238 pestis,
1105 1157 1171 1220 tae

138 1263 259 1327 invidia
284 1264 438 1326 malorum
463 1259 649 1344 geniorum,
678 1269 709 1321 et
731 1256 859 1321 humani
882 1256 1011 1340 generis
1032 1256 1171 1322 bostium

140 1364 420 1439 cacodaemonum,
453 1362 582 1423 incensa
610 1369 644 1420 et
672 1357 817 1438 conjecta
843 1357 877 1419 in
907 1357 1002 1434 hujus
1033 1357 1173 1422 nationis

139 1464 273 1527 exitium
292 1463 366 1539 sax,
398 1466 461 1526 hoc
477 1459 668 1542 inexpiabile
687 1461 823 1532 molum,
853 1457 949 1538 hujus
969 1458 1075 1523 seculi
1094 1481 1171 1539 por·

129 1575 278 1640 'tentum,
301 1560 404 1628 omnis
422 1561 581 1628 memoriae
604 1570 781 1633 ostentum,
800 1557 852 1621 hic
869 1578 912 1618 ex
931 1562 1051 1622 scelere
1069 1558 1171 1622 laetus

139 1666 252 1739 bomo,
274 1676 306 1727 et
324 1664 357 1726 in
376 1666 498 1728 scelere
516 1684 535 1728 a
550 1662 655 1729 matris
670 1682 774 1746 nsque
786 1673 883 1723 utero
901 1660 1079 1735 exercitus,
1100 1682 1173 1725 curn

138 1765 308 1847 imperium
326 1765 430 1829 modis
448 1764 598 1828 omnibus
618 1773 782 1837 vexasset,
815 1761 850 1825 in
871 1782 960 1824 snam
986 1772 1092 1827 tamen
1113 1782 1172 1842 po·

108 1889 110 1894 ·
140 1877 284 1930 testatem
296 1866 369 1930 lore
383 1886 478 1931 ausus
492 1877 540 1931 est
551 1884 688 1949 sperare.
722 1865 766 1927 At
776 1882 871 1945 quam
884 1882 998 1925 secure
1010 1863 1076 1943 agit
1087 1862 1171 1925 boc?

141 1967 176 2029 in
194 1965 286 2047 cujus
305 1968 382 2029 item
398 1966 547 2030 cubiculo
567 1965 745 2029 invenimus
760 1964 913 2040 earmina,
936 1974 969 2027 et
981 1963 1120 2039 libellos,
1139 1964 1173 2026 in

143 2065 260 2151 quibus
287 2065 331 2129 illi
356 2068 419 2129 hoc
443 2066 574 2130 nomine
603 2065 754 2129 assentari
775 2086 885 2146 pessus
905 2076 952 2127 est
970 2084 1048 2127 suos
1067 2066 1174 2127 adula-

136 2178 250 2243 tores,
291 2188 398 2251 neque
424 2166 459 2230 id
487 2168 566 2231 citra
596 2164 846 2230 criminationem
874 2186 988 2229 eorum
1019 2166 1173 2241 omnium,

26 2326 33 2335 .
143 2289 228 2355 quos
259 2269 378 2332 ambire
408 2271 472 2333 hoc
502 2267 662 2352 fastigium
693 2266 832 2348 suspicio
863 2269 971 2329 saltem
1000 2278 1058 2328 est.
1110 2266 1174 2329 Sed

143 2370 227 2434 bene
247 2369 393 2434 Christus
410 2369 487 2453 opt.
505 2370 596 2432 Max.
616 2368 756 2449 providit
774 2371 912 2431 humano
932 2368 1059 2450 generi,
1082 2368 1173 2451 cujus

144 2470 261 2534 coelesti
282 2491 345 2551 ope
365 2471 505 2549 ejectus,
537 2482 569 2532 et
593 2470 779 2532 exturbatus
803 2481 853 2531 est
877 2471 1048 2533 sceleratus
1075 2469 1174 2532 homi·

146 2572 234 2646 cirla,
268 2571 460 2651 perfidiosus
488 2582 659 2651 tyrannas,
696 2569 837 2633 immanis
865 2570 1026 2645 carnifex,
1065 2570 1122 2654 qui
1142 2571 1174 2633 in

146 2670 263 2750 stupris
292 2670 459 2746 inauditis,
492 2683 524 2732 et
549 2671 765 2733 abominandis
793 2671 911 2745 otium,
944 2670 977 2732 in
1005 2672 1112 2749 crede,
1143 2684 1175 2735 et

144 2781 268 2837 tortum
294 2769 461 2853 negotium
484 2771 610 2852 posuit:
650 2772 706 2854 qni
734 2772 768 2833 in
796 2782 843 2832 tot
870 2792 905 2834 se
932 2772 1065 2855 flagitia,
1097 2786 1174 2858 quot

65 2880 70 2894 ¹
145 2869 290 2953 recipere
318 2892 402 2935 arnus
432 2874 527 2936 horno
556 2872 694 2935 creditus
720 2893 785 2934 non
813 2886 880 2948 est,
913 2874 1086 2948 immersit;
1121 2875 1175 2958 qui

146 2984 314 3037 contentus
340 2992 407 3034 non
434 2971 521 3050 luit,
558 2971 737 3055 simpliciter
763 2973 942 3048 libidinari,
976 2976 1034 3037 sed
1061 2976 1176 3039 ebusus

146 3086 258 3137 cantra
295 3095 428 3159 (proque
464 3085 535 3150 est,
576 3085 608 3134 et
637 3076 684 3136 his
714 3073 900 3153 perfunctus
928 3076 1053 3152 modis,
1094 3096 1176 3159 quos

146 3196 274 3239 narrare
295 3176 387 3238 etiam
407 3186 542 3257 propter
560 3174 788 3257 turpitudinem
807 3196 977 3252 veremar3
1008 3177 1086 3259 qui,
1107 3198 1178 3241 cunt

148 3275 189 3337 ad
208 3274 325 3337 loetlam
344 3274 563 3358 indignitatem
581 3295 700 3357 eogere
718 3298 806 3340 stram
821 3299 958 3341 uxorem
973 3298 1040 3341 non
1057 3290 1177 3356 posset,

149 3374 225 3437 odio
240 3373 376 3456 primum
396 3374 503 3439 babuit
516 3376 769 3458 incomparabili,
791 3390 824 3440 et
839 3378 1010 3440 cnadeliter
1024 3381 1178 3454 tractavit,

149 3475 267 3541 deinde
282 3475 464 3540 interlicere
486 3497 618 3560 quoque
640 3489 772 3540 conatus
792 3489 858 3553 est;
884 3480 940 3561 qui
960 3480 1077 3543 amieos
1097 3482 1180 3544 iuter

149 3572 242 3652 emit,
264 3577 413 3640 custodes
433 3579 579 3658 corporis
599 3577 649 3640 sui
669 3579 753 3643 caede
773 3580 1005 3653 remuneravit3
1034 3582 1092 3666 qui
1111 3602 1181 3657 eos,

152 3696 291 3763 quorum
311 3678 370 3742 sibi
391 3690 556 3763 perspecta
579 3680 672 3753 fides,
710 3691 742 3741 et
760 3680 908 3762 cognitus
929 3700 1006 3763 erga
1025 3702 1061 3745 se
1080 3702 1180 3761 amor,

150 3800 188 3843 sc
207 3779 387 3843 reverentie
404 3779 483 3856 tuit,
501 3781 725 3862 interemptos,
747 3781 873 3846 infamia
892 3782 1011 3856 adhm,
1033 3794 1066 3844 et
1084 3784 1184 3846 dede-

151 3901 228 3944 ooro
248 3880 419 3963 suggillare
440 3893 487 3944 est
506 3882 651 3956 adnisus;
682 3881 755 3965 qni,
776 3903 792 3943 a
811 3881 933 3963 'quibus
954 3881 1104 3946 liberatus
1125 3897 1185 3960 est,

150 4002 263 4046 eornm
282 3982 400 4047 liberos
418 3983 576 4063 perdidit;
604 4004 622 4047 a
642 3983 759 4066 quibus
778 3983 928 4048 immensa
947 3985 1069 4066 aceepit
1085 3986 1184 4050 benc·

152 4081 245 4157 licia,
277 4082 314 4145 iis
338 4082 569 4151 ineluctabilem
588 4083 727 4149 reddidit
746 4082 910 4165 injuriam
944 4085 999 4169 qui
1020 4088 1185 4159 ednmtori

154 4202 322 4225 u-n--ap-

190 4288 219 4347 “)
239 4298 418 4342 arlttrentnr:
438 4299 535 4343 errarat
559 4334 563 4341 .
