2632 5086
341 736 373 811 T
375 735 448 808 rias
471 734 640 810 Romana
662 733 851 836 Dialogus.
1036 738 1109 817 286
1165 741 1169 754 '

82 929 264 1008 contigerit,
287 927 414 1008 abipso
435 927 527 991 etiam
546 926 667 990 vicario
688 925 820 1005 Christi,
841 929 1109 1016 deniquefactum

81 1033 234 1114 qrricquid
262 1044 330 1105 est,
361 1053 418 1110 per
444 1031 607 1091 facultates
632 1028 785 1093 infectum
809 1031 964 1095 redditur.
1001 1036 1109 1115 Atque

81 1136 131 1195 hic
152 1155 302 1194 revocare
328 1133 361 1193 in
381 1130 563 1192 memoriam
588 1141 715 1210 oportet
741 1151 848 1207 casus,
878 1132 934 1215 qui
955 1146 1109 1199 vocantur
1176 1209 1179 1217 ,

81 1238 225 1315 papales,
255 1233 352 1296 exiis
375 1232 458 1293 enim
477 1231 669 1293 adornantur
687 1229 873 1309 facultates,
904 1256 982 1318 ‹pras
1005 1248 1109 1300 tamen

80 1357 147 1395 nam
174 1334 233 1395 soli
253 1336 422 1413 adportant
442 1334 500 1393 huc
528 1330 683 1410 legatitis
703 1333 817 1412 latere,
848 1334 905 1396 sed
927 1340 1110 1420 propolium

81 1448 128 1499 est
159 1436 236 1497 inibi
265 1437 368 1498 etiam.
407 1436 523 1495 Emunt
555 1430 639 1492 enim
671 1433 797 1511 Romae,
831 1448 866 1499 ut
894 1438 1033 1500 vendant
1060 1439 1111 1503 hic

81 1548 210 1618 postea,
230 1539 343 1598 iratres
363 1534 593 1606 mendicantes,
615 1531 729 1615 aliique
750 1536 898 1612 ordines,
919 1550 951 1599 et
966 1540 1110 1622 collegia,

81 1640 138 1700 sed
152 1636 364 1699 mendicantes
377 1634 549 1715 praecipue,
562 1622 694 1712 propter
705 1637 946 1698 commendandi
958 1637 1113 1718 peritianu

82 1739 217 1800 fideliter
246 1747 343 1817 agunt
370 1735 401 1797 hi
431 1733 516 1796 enim
548 1730 706 1816 pontilicis
741 1734 929 1814 negotium,
962 1740 1042 1804 mira
1072 1743 1112 1807 de

83 1836 287 1918 indulgentiis
320 1836 546 1916 persuadentes
578 1831 651 1894 rudi
687 1835 808 1914 uulgo,
848 1847 880 1898 et
907 1830 1110 1915 mulierculis,

85 1959 220 2020 quarum
252 1957 362 1999 omnes
392 1955 487 1997 irritus
518 1932 649 2015 pariter,
696 1944 729 1995 et
753 1946 885 1998 renutns
914 1936 1109 2016 grahamant,

83 2059 161 2118 (pras
186 2038 224 2098 acl
252 2057 341 2098 suam
365 2038 557 2098 voluntatem
582 2044 664 2099 totas
688 2035 805 2098 babent
824 2036 1035 2102 confessionis
1056 2036 1110 2103 ad-

83 2138 245 2200 miniculo.
295 2142 301 2151 '

490 2236 701 2299 Ernhold.

156 2336 240 2400 Nihil
268 2335 395 2417 penitus
429 2337 511 2398 inter
539 2349 752 2413 mercatores,
788 2347 821 2398 et
845 2337 904 2402 hos
928 2324 1120 2403 [multatum

81 2439 299 2522 negotiatores
322 2438 475 2500 interesse
495 2436 601 2499 video.

511 2537 544 2598 H
556 2548 699 2600 utten-

158 2637 228 2697 Nec
249 2634 379 2696 interest
395 2635 531 2718 aliquid,
551 2636 612 2699 nisi
631 2638 720 2721 quod
739 2638 815 2701 dare
831 2657 891 2722 pro
909 2635 1113 2719 indulgentiis

85 2752 265 2815 argentum,
293 2736 486 2816 rendere—id
504 2757 570 2797 non
590 2732 740 2816 uocatur,
772 2735 892 2822 alioqui
919 2736 1029 2800 odium
1047 2756 1114 2802 non

85 2839 284 2918 effugerent,
303 2838 469 2901 manifesto
490 2835 552 2917 jam
571 2836 713 2898 erimine.

501 2937 712 3000 Ernhold.

160 3042 201 3101 Et
221 3040 311 3122 quod
328 3040 430 3101 verbo
451 3037 630 3119 exprimere
656 3046 780 3113 vetant,
806 3035 841 3099 id
859 3057 896 3098 re
913 3055 990 3098 vera
1008 3034 1112 3098 minus

85 3151 133 3201 est
150 3162 184 3201 se
201 3138 294 3219 ipso?
313 3150 366 3201 aut
386 3160 483 3220 quem
501 3138 544 3200 ita
561 3138 716 3202 fascinant
727 3139 773 3200 hae
792 3136 928 3218 striges,
946 3149 984 3199 ut
1003 3154 1063 3218 pro
1076 3154 1113 3199 ra

85 3243 210 3302 solvere
229 3240 414 3320 pecuniam,
434 3238 651 3304 venditionem
670 3260 740 3304 esse
760 3234 880 3321 neget?

481 3342 680 3411 tHutten.

160 3440 243 3503 Istos
275 3445 375 3524 vulgo
408 3440 584 3521 simplices,
621 3455 653 3505 et
685 3463 727 3505 ex
755 3438 952 3522 principibus
981 3435 1115 3499 stolidos

87 3541 260 3620 qarosdam,
285 3561 321 3601 ao
338 3542 469 3619 ebrios,
498 3564 568 3626 quse
592 3555 643 3604 est
662 3536 926 3623 magnaillornm
947 3535 1115 3609 industria,

89 3639 133 3702 sic
154 3638 225 3700 belli
243 3641 371 3702 'l'urcici
392 3642 520 3706 nomine
536 3643 732 3707 abstulerunt
744 3641 817 3704 hinc
829 3637 995 3721 pecuniam
1008 3636 1115 3714 toties,
1208 3630 1210 3635 ¹

88 3741 195 3823 quod,
228 3741 254 3800 si
273 3761 359 3800 nune
378 3739 489 3816 etiam,
524 3763 682 3806 communi
703 3740 955 3806 Christianorum
974 3737 1116 3801 omnium

89 3862 247 3902 consensu
267 3838 336 3920 geri
355 3836 498 3920 incipiat,
522 3840 600 3905 scias
623 3842 769 3922 prolecto
789 3842 875 3904 solos
893 3840 1115 3902 exhortatores

88 3944 163 4017 hos,
185 3962 252 4022 quo
271 3938 374 4002 minus
393 3952 535 4022 geratur,
566 3939 600 4003 in
619 3963 714 4005 causa
732 3940 869 4004 futuros.
907 3937 1049 4022 Expedit
1068 3935 1116 3999 liis

89 4042 173 4103 enim
205 4042 326 4104 'furcas
357 4061 429 4105 esse
461 4042 563 4105 multis
596 4060 630 4105 et
654 4042 803 4127 gravibus
833 4042 875 4104 de
901 4038 1023 4113 causis,
1059 4039 1116 4099 hac

89 4140 230 4221 inprimis
251 4153 287 4203 ut
305 4141 433 4224 exigant
452 4164 471 4204 a
495 4143 660 4206 Germanis
679 4142 864 4223 pecuniam,
883 4159 954 4202 nam
973 4139 1012 4201 ab
1032 4137 1116 4199 Italis
1172 4153 1175 4159 '

90 4261 155 4300 uon
173 4242 327 4324 exigunt,
348 4263 453 4326 neque
478 4242 546 4304 lere
567 4242 606 4304 ab
629 4243 695 4306 aliis
715 4242 866 4327 exigunt,
887 4238 946 4301 soli
968 4237 1117 4300 videntur

91 4339 198 4403 idonei
234 4343 405 4418 Germani,
446 4345 563 4427 quibus
589 4363 636 4408 tot
664 4345 766 4408 modis
796 4341 955 4405 illudatur.
1003 4336 1116 4417 Quid?
