2632 5086
222 762 292 833 320
510 762 571 837 De
595 764 747 867 GuaJaci
772 762 955 837 medicina

221 962 368 1043 quantur.
406 952 486 1018 Nam
506 967 543 1018 ut
560 954 678 1021 Paulus
691 956 755 1019 ait:
784 955 888 1038 Caput
908 954 1103 1019 educationis
1127 966 1192 1031 est,
1211 966 1248 1034 pt

220 1052 261 1114 sit
276 1053 366 1119 cibus
380 1066 475 1118 coctu
489 1055 605 1132 facilis‚
625 1056 701 1120 boni
713 1057 866 1132 alimenti3
879 1058 962 1119 barad
974 1077 1133 1139 quaquam
1146 1058 1248 1117 lentus

220 1164 274 1214 aut
294 1155 495 1237 glutinosus,
529 1178 635 1241 neque
655 1146 923 1238 superfluitatibus
936 1158 1134 1232 redundans,
1156 1155 1248 1237 potio

221 1263 324 1337 autem
349 1255 458 1317 riuum
482 1276 661 1340 aquosum,
691 1258 814 1332 albuin,
843 1280 976 1339 purum,
996 1279 1093 1339 *aquae
1122 1259 1249 1336 pardum

221 1355 387 1417 sustinens.
426 1358 468 1417 Et
487 1355 619 1420 Celsus:
646 1358 745 1421 Cibus
764 1358 818 1432 sit,
835 1357 956 1442 iuquit,
975 1359 1044 1420 sinc
1063 1357 1247 1437 pinguibus,

219 1453 287 1515 sine
314 1454 479 1535 glutinosis
504 1469 535 1519 et
558 1457 748 1521 inflantibus.
786 1459 1084 1541 Abstinendnmqnc
1104 1458 1250 1538 ejusdcm

219 1554 352 1617 consilio
372 1556 591 1635 hujuscemodi
612 1558 645 1618 in
664 1559 784 1621 morbis
810 1559 849 1621 ab
870 1559 1015 1621 omnibus
1041 1558 1145 1633 salsis,
1171 1558 1250 1621 acri-

219 1653 298 1730 bus,
327 1668 358 1718 et
379 1657 493 1745 acidis,
523 1678 561 1719 ea
587 1670 665 1738 puto
690 1660 831 1735 ratione,
860 1659 974 1743 quain
995 1648 1246 1740 praecedentibus

219 1757 339 1819 mortui.
373 1758 567 1835 Maximum,
581 1759 698 1821 Paulus
714 1761 771 1833 ait,
790 1760 825 1821 in
841 1758 1000 1821 cibatione
1013 1759 1162 1822 satietatis
1177 1780 1250 1840 pec-

218 1868 321 1918 catum
335 1870 393 1921 est.
432 1862 511 1921 Nam
528 1860 594 1921 etsi
612 1860 805 1922 ventriculus
820 1851 926 1939 'probe
945 1861 1139 1942 concoquit,
1159 1881 1247 1921 rann

219 1966 322 2021 tumen
348 1960 437 2019 nimis
464 1962 606 2038 repletur,
630 1961 786 2034 laborant,
819 1960 1008 2035 dilatantur,
1039 1971 1248 2041 rumpuntur,

218 2057 420 2131 obturantur,
448 2069 480 2118 et
505 2061 581 2121 flatu
605 2059 788 2140 implentur,
811 2073 904 2143 atque
923 2060 956 2121 iu
975 2044 1077 2122 totuin
1094 2056 1248 2141 pessimos

217 2176 259 2217 ex
279 2163 414 2219 satietate
435 2159 564 2223 morbos
583 2172 727 2221 constare
745 2159 778 2221 in
799 2161 949 2223 conses'so
968 2173 1025 2224 cst.
1065 2163 1252 2241 'l'antopere

217 2258 386 2341 nequisse
413 2258 538 2341 impleat
563 2259 752 2343 fugiendum
772 2271 880 2323 censet
901 2261 962 2323 ille.
1003 2265 1075 2343 Ego
1101 2280 1168 2322 non
1188 2260 1249 2323 boc

197 2370 360 2437 ¹tantum,
402 2360 458 2421 sed
495 2361 594 2422 acllurc
631 2361 722 2422 etiarn
760 2360 836 2423 nihil
870 2361 988 2423 intente.
1026 2361 1248 2444 coquendum,

217 2459 293 2524 nihil
320 2460 536 2523 condiendum
570 2461 662 2522 aurio
682 2450 844 2522 'existimo
882 2452 1087 2543 Dandamqire
1108 2482 1247 2542 operam,

215 2581 257 2624 ne
275 2563 434 2641 complura
456 2572 673 2642 apponantur,
692 2572 723 2622 et
742 2561 859 2624 diversi
880 2563 1004 2643 generis
1015 2563 1161 2641 ,l'crcula,
1187 2582 1247 2643 nec

216 2662 483 2742 quemadmodum
503 2661 552 2724 isti
580 2665 681 2724 solent
703 2662 835 2737 divites,
861 2685 935 2735 sex,
961 2675 1099 2743 septena,
1129 2673 1181 2723 aut
1199 2661 1248 2721 in-

216 2762 338 2824 terdum
369 2764 479 2824 decem
507 2782 570 2823 una
600 2780 685 2823 curua
719 2763 828 2826 missus
861 2762 1087 2842 importandos.
1126 2764 1247 2824 Mirum

213 2872 264 2927 est
296 2865 380 2927 enim
412 2884 509 2947 qnam
546 2866 611 2926 hacc
644 2864 774 2938 obsint,
810 2883 878 2925 non
916 2866 1076 2925 stomacho
1110 2874 1247 2937 tantum,

213 2968 270 3032 sed
290 2966 459 3052 digestioni
487 2962 580 3031 eliam
608 2965 775 3028 universae.
821 2967 931 3046 ltaque
957 2964 1031 3026 illud
1055 2965 1170 3027 iterum
1191 2984 1248 3024 co·

212 3071 286 3134 clem
311 3070 350 3131 ab
375 3070 507 3133 autho'ro
532 3068 740 3149 repetendum
767 3067 856 3149 qn'od
881 3064 937 3151 ait·
972 3067 1180 3160 summopere
1201 3065 1247 3125 vi-

212 3174 334 3235 tandam
353 3173 572 3233 alimentorum
592 3170 789 3243 varietatem,
816 3168 985 3247 pracsertim
1013 3165 1175 3227 contraria
1195 3166 1248 3229 ubi

212 3272 332 3335 fuerint
357 3271 390 3333 iu
413 3273 458 3333 cis
492 3272 659 3334 facultates.
699 3272 869 3351 Namque
895 3268 941 3330 sic
963 3254 1150 3350 ingeruntur
1170 3287 1248 3328 con·

213 3372 352 3435 coctioni
376 3372 535 3434 resistunt.
573 3372 681 3455 Atque
707 3371 770 3432 hoc
796 3372 935 3433 sentiunt
954 3371 1092 3432 Galenus
1106 3350 1151 3429 ‘et
1170 3369 1249 3433 Avi·

213 3496 330 3550 cenna,
360 3492 535 3557 omnesque
562 3471 766 3537 emunctioris
793 3471 826 3533 in
851 3471 1004 3533 medicina
1028 3466 1148 3550 judicii.
1188 3468 1251 3533 Ca·

214 3576 299 3639 tonis
321 3575 404 3657 apud
437 3575 629 3639 Ciceronem
658 3585 849 3656 pracceptum
876 3584 938 3646 est,
965 3581 1084 3633 tantum
1107 3570 1186 3645 cibi,
1213 3591 1249 3639 ao

213 3675 355 3760 potionis
370 3675 578 3739 adhibendum
597 3695 685 3750 csse,
706 3684 740 3735 ut
760 3672 938 3741 reficiantur
955 3671 1055 3746 vires,
1076 3671 1247 3734 nouetiam

215 3778 442 3859 opprimantur:
487 3773 598 3857 'Quare
631 3787 667 3862 ut
697 3773 866 3857 plurimum
894 3772 1007 3835 leniter
1031 3773 1250 3853 prandendum

215 3880 436 3960 Xenophontis
450 3879 601 3952 oonsilio,
622 3889 657 3938 ut
669 3858 714 3939 sit
732 3873 877 3936 videlicet
895 3875 983 3936 locus
1004 3894 1110 3934 coeuae.
1149 3873 1247 3935 Plano

214 4000 256 4043 ex
278 3979 337 4043 illis
357 3991 404 4040 est
423 3979 473 4042 lric
500 3979 652 4053 morbus,
681 3995 762 4059 quos
794 3996 836 4037 ex
862 3973 1056 4054 plenitudine
1076 3973 1249 4055 provenire

214 4082 350 4145 Galenus
377 4091 522 4143 autumat.
561 4078 667 4160 Quod.
680 4077 727 4139 sic
750 4076 989 4159 intelligendum
1017 4086 1085 4150 est,
1116 4096 1182 4136 non
1212 4085 1248 4138 nt

214 4182 399 4265 omnesqui
419 4181 595 4260 incrapnla
618 4179 756 4262 (legunt,
783 4178 897 4240 morbo
921 4177 1024 4240 statim
1049 4178 1168 4240 Gallico
1189 4177 1248 4238 ob·

215 4282 331 4345 noxios
360 4282 431 4345 lleri
457 4280 655 4356 existimem,
687 4300 873 4364 quamquam
892 4279 1003 4342 morbi
1028 4281 1086 4342 hos
1112 4290 1248 4355 manent,

218 4383 330 4468 quiqui
347 4384 425 4459 siut,
454 4380 650 4465 gravissimi,
683 4381 739 4443 sed
760 4400 802 4441 eo
829 4377 929 4463 siquis
950 4392 1023 4441 ante
1043 4380 1252 4454 laboraverit,
