2632 5086
403 694 509 769 Trias
533 692 901 795 RomenoDieloguo.
1101 699 1172 776 llo

147 887 223 948 sima
242 887 398 962 omnium,
420 907 488 969 quse
507 906 646 971 unquam
662 885 794 963 luerunt
805 887 943 951 eeclesias
954 890 1173 975 persequutio.

146 987 232 1064 Quid
259 987 343 1049 euim
369 999 487 1050 tnumm
512 997 715 1063 meruerunt,
751 987 808 1071 qui
833 1007 874 1050 ex
895 989 1035 1053 Ethnieis
1065 1009 1174 1070 perse·

146 1089 239 1170 qtndi
259 1088 418 1151 Christum
437 1088 667 1153 iutrrl'eeerunt
686 1086 829 1151 homiues
850 1088 990 1150 tentum?
1014 1090 1056 1154 Hi
1077 1090 1174 1170 ipsam

146 1186 287 1268 juerulant
308 1187 423 1250 Christi
442 1189 635 1263 doctrinam,
667 1184 700 1247 in
720 1207 783 1270 qua
800 1187 930 1251 lundata
957 1203 1006 1253 est
1025 1189 1174 1254 Christia-

144 1310 260 1349 norum
281 1289 378 1364 lidos,
405 1299 437 1350 et
465 1292 532 1369 ipsa
560 1286 704 1351 consistit
731 1282 879 1363 ecelesia,
909 1309 946 1351 eo
971 1289 1107 1352 radicata
1126 1302 1174 1351 est

146 1390 273 1450 humaui
287 1389 414 1475 generis
434 1393 533 1460 salus,
553 1388 677 1471 legibus
696 1385 779 1462 suis,
799 1388 832 1451 id
847 1399 895 1452 est
908 1389 1174 1471 perniciosissimo

147 1488 277 1551 inleruae
299 1490 503 1551 exhalationis
528 1488 638 1564 fumo,
674 1485 814 1549 veritatis
840 1489 942 1550 lucem
961 1488 1174 1554 obscurantes.

144 1591 253 1672 Atque
274 1591 339 1651 aliu
359 1588 622 1670 persequutiones
641 1599 813 1666 martyrum
826 1589 1021 1683 ‘constantim
1055 1601 1087 1652 ot
1107 1590 1175 1652 lor·

142 1688 277 1750 titudine
297 1700 453 1749 auxerunt
474 1687 585 1763 fidem,
615 1698 647 1749 et
664 1689 905 1762 confirmarunt,
924 1689 990 1748 lueo
1021 1689 1174 1769 pessimo-

144 1809 215 1848 rum
247 1791 401 1852 scelerum
431 1787 536 1849 studio
561 1787 748 1867 pessundat,
788 1807 825 1851 ae
850 1786 1014 1876 disperdit.

544 1887 755 1950 Ernhotd

221 1988 374 2070 Apagesis
395 1986 515 2062 Roma,
545 2008 613 2070 que
634 1985 752 2051 Christi
772 1986 868 2050 fidem
888 1988 1088 2065 nonhabet,
1118 1988 1174 2053 sed

149 2086 309 2149 avaritiam
330 2087 446 2148 Sateuoe
478 2087 654 2152 institutum
684 2087 773 2151 eolis.
810 2088 966 2171 Apagesis
990 2088 1173 2165 criminum,

145 2198 177 2249 et
206 2187 356 2249 vitiorum
387 2187 497 2262 radix,
537 2187 621 2250 uude
650 2185 775 2270 publiea
801 2188 957 2254 excrescit
989 2188 1174 2256 Christiane

144 2287 325 2369 reipubliore
346 2287 520 2369 pernicies,
542 2287 695 2370 apagesis.

578 2388 741 2451 Hutten.

218 2488 324 2549 Porro
352 2489 413 2549 hoo
445 2499 606 2567 pastorum
633 2506 752 2568 genus,
785 2485 942 2570 siquando
967 2484 1175 2567 portenderit

144 2608 204 2666 pro
226 2586 340 2647 ovibus
360 2587 477 2661 maimo,
497 2601 631 2669 putasne
648 2587 720 2650 iore
739 2597 918 2657 strenuum..

418 2691 421 2696 ’
562 2686 758 2750 Eruhold.

222 2781 299 2847 Sues
325 2783 443 2846 animas
471 2786 660 2867 perderent,
689 2805 727 2847 ao
753 2785 849 2850 vitam
875 2787 1095 2870 impenderent
1111 2804 1177 2867 pro·

145 2903 261 2966 grego,
295 2884 351 2967 qni
382 2895 513 2974 propter
549 2884 715 2967 pecuniam
745 2898 859 2951 necant
888 2886 994 2949 oves?
1026 2881 1173 2968 Quodsi

146 2984 242 3046 hodie
263 2983 428 3047 obsideant
445 2983 558 3048 urbem
576 2986 704 3062 Turere,
724 2996 761 3050 ut
775 2985 1004 3076 propugnanda
1021 2985 1061 3048 sit
1075 2982 1173 3060 tutin

144 3083 264 3166 primus
292 3084 504 3168 transfugiet,
533 3084 652 3168 primus
679 3084 813 3163 ltaliam,
842 3105 879 3148 so
898 3085 1016 3168 ipsam,
1042 3081 1108 3146 nisi·
1122 3101 1173 3147 mo

146 3186 251 3248 omnia
271 3185 394 3261 lollaut,
413 3184 601 3268 religionem
625 3206 778 3270 quoque,
803 3185 831 3249 si
850 3184 1020 3270 quiequam
1039 3181 1172 3257 terroris

145 3286 285 3367 ingruat,
306 3286 448 3361 deseret,
471 3305 528 3369 qut
541 3286 705 3366 pecuniam
724 3306 742 3353 e
757 3287 923 3352 Germanis
938 3287 1047 3368 exegit
1058 3306 1171 3368 nuper,

147 3405 210 3466 quo
239 3385 354 3461 'l'urois
383 3384 499 3450 bellum
530 3384 679 3464 inferret,
708 3387 827 3470 etjam
851 3387 944 3452 toties
968 3385 1172 3451 brolletione

146 3485 331 3550 deluserunt
359 3485 515 3567 populum
540 3481 763 3554 Christianum.
801 3491 916 3572 Neque
942 3487 1027 3552 enim
1050 3489 1172 3550 'furens

146 3585 260 3645 volunt
292 3581 496 3666 impugnare,
531 3606 605 3656 eum
639 3589 803 3673 pecuniam
832 3609 872 3651 eo
895 3599 1006 3670 petunt
1031 3587 1170 3664 nomine,

146 3684 204 3750 sed
225 3683 334 3754 vivere
355 3682 419 3764 ipsi
435 3686 562 3761 votum,
585 3698 618 3750 et
637 3691 800 3770 voluptate
820 3689 896 3761 leui,

565 3786 758 3851 Eruhold.

233 3881 322 3946 Idem
348 3882 472 3961 sentio,
502 3887 615 3955 volunt
636 3909 706 3952 osso
727 3887 816 3972 quod
835 3887 948 3951 delitiis
969 3889 1054 3964 suis,
1074 3899 1170 3971 atque

143 3982 195 4049 isti
224 3985 316 4077 qnod
343 3984 545 4069 suppeditent
569 3985 679 4063 luxui,
710 3989 796 4050 unde
821 4010 857 4050 se
883 3989 1017 4051 molliter
1043 3999 1170 4065 oureut,

144 4083 205 4147 lmo
224 4084 256 4146 in
276 4097 356 4150 roto
376 4095 439 4161 est,
460 4087 525 4152 ltoo
541 4099 648 4173 agunt.
686 4088 813 4159 Verum
831 4087 878 4151 ltis
897 4106 1010 4152 eorum
1029 4087 1170 4151 moribus

145 4194 240 4264 etque
266 4185 340 4251 huic
367 4185 455 4251 urbis
475 4188 591 4261 statui,
618 4210 685 4252 nou
711 4208 784 4250 esse
802 4208 884 4272 opus
905 4188 1067 4252 arbitraris
1087 4185 1170 4250 Tur·

146 4299 252 4349 rarum
269 4285 408 4367 gladiis?
