2632 5086
343 760 401 833 Ad
424 757 710 854 Carolum'Reg.
735 754 840 851 epist.
1034 759 1101 837 att
1200 814 1212 829 ..

89 975 182 1016 mano
201 954 384 1035 Episcopo,
402 951 519 1014 liberos
538 949 589 1011 hie
606 943 751 1010 homines
769 965 806 1007 ac
823 943 962 1021 nobiles,
980 942 1105 1009 vinctos

89 1056 224 1116 Romam
253 1051 434 1115 abducere?
465 1049 528 1112 Sed
546 1051 587 1110 de
615 1059 645 1109 te
666 1049 749 1108 nulla
768 1046 860 1109 nobis
881 1046 948 1108 talis
967 1043 1105 1126 suspicio

87 1154 224 1228 residet,
244 1154 360 1216 nedum
378 1150 488 1233 opinio
508 1160 565 1211 cst.
603 1147 677 1209 lllos
696 1169 774 1210 voro
796 1148 873 1231 quid
892 1169 957 1209 nou
972 1166 1105 1211 ausurus

87 1255 173 1333 apud
191 1263 222 1313 te
242 1252 415 1332 putandum
427 1261 473 1312 est
492 1266 582 1331 post,
604 1267 698 1330 quam
715 1250 777 1310 hoc
794 1251 891 1312 semel
911 1260 1029 1309 tentare
1050 1246 1105 1307 ad·

88 1351 190 1435 grossi
220 1364 302 1413 suut.
351 1348 447 1411 Prius
473 1348 604 1410 mirifice
640 1346 760 1427 imperii
789 1347 883 1430 hujus
914 1347 1106 1424 rnajestatem

88 1459 363 1530 contempserunt:
397 1449 483 1511 varie
504 1468 538 1509 ac
557 1448 658 1510 multis
678 1449 779 1510 modis
808 1449 842 1512 iu
860 1448 1014 1529 tttajorutu
1034 1458 1106 1510 tuo·

87 1575 156 1614 rum
175 1553 245 1632 jura
264 1560 500 1613 concesserunt.
538 1547 675 1629 Imperio
689 1551 784 1611 multa
803 1549 854 1624 vi,
875 1550 969 1623 multp
982 1546 1107 1620 fraude,

86 1654 183 1711 multa
210 1650 345 1712 ridentis
373 1647 571 1727 pactionibus
600 1669 657 1730 per
684 1668 778 1711 umiae
798 1648 886 1711 nefas
912 1648 1105 1709 ademerunt.

89 1751 168 1833 ipsis
200 1748 443 1828 imperatoribus
474 1750 662 1813 osculandos
690 1752 789 1830 pedes
814 1771 872 1830 per
891 1755 1106 1826 contemptum

87 1850 285 1929 praeberunt,
310 1867 370 1909 nee
388 1867 457 1910 esse
478 1847 533 1909 diu
552 1845 615 1928 jam
637 1871 694 1929 per
713 1871 771 1913 cos
789 1848 893 1930 potuit
916 1847 1105 1926 imperator,

93 1947 150 2029 qui
169 1967 236 2008 non
255 1947 288 2007 in
306 1946 490 2008 servitutem
510 1969 545 2008 se
566 1948 712 2009 Romano
732 1947 890 2027 pontifici,
915 1944 1105 2027 interposito

86 2045 315 2125 jurejurando,
335 2046 505 2108 addiceret.
544 2043 794 2109 constitutiones
808 2046 849 2109 ad
866 2067 958 2108 suum
972 2043 1105 2118 libitum,

86 2170 127 2209 ex
157 2146 236 2213 lucri
266 2144 317 2210 sni
341 2145 438 2208 modo
467 2159 722 2227 proposuerunt:
758 2146 873 2229 quibus
900 2166 1025 2209 omnem
1055 2143 1105 2209 hic

85 2248 259 2308 libertatem
280 2243 481 2307 obterebant:
501 2245 604 2307 omnia
625 2259 730 2308 nostra
750 2246 911 2328 potcstatis
931 2268 994 2308 suu
1014 2243 1105 2321 neri·

82 2348 143 2408 bus
164 2345 438 2426 constringebant:
459 2366 528 2428 quae
546 2343 703 2426 majorum
722 2366 904 2411 nostrorum
919 2344 1104 2406 liberalitate

86 2446 223 2509 ecelesiis
253 2447 369 2508 clonata
399 2457 488 2520 sunt,
532 2446 712 2508 avarissime
742 2446 782 2507 ad
809 2466 843 2507 se
871 2451 1103 2525 pertraxerunt.

86 2547 263 2625 Episcopus
283 2544 316 2607 iu
337 2544 505 2607 Germania
525 2563 594 2607 esse
614 2546 798 2619 noluerunt,
819 2543 934 2626 quibus
954 2563 1020 2603 non
1039 2542 1123 2622 pal·.

86 2646 125 2704 lia
145 2664 259 2721 magno
280 2641 497 2705 vendidissent
518 2642 596 2722 ipsi:
622 2664 732 2706 omnes
753 2643 837 2724 apud
859 2664 918 2706 nos
940 2640 1105 2722 preelectu-

87 2763 137 2803 ras
166 2741 394 2815 arcemanus,
429 2762 545 2821 magno
580 2762 639 2805 suo
668 2745 836 2806 commodo
872 2744 1018 2807 locandas
1046 2742 1105 2806 sibi

88 2842 350 2921 desumpserunt,
390 2839 525 2922 primum
560 2841 748 2926 aliqnando,
789 2843 904 2905 deiude
936 2843 1105 2927 quotannis

86 2941 217 3015 iterum,
237 2939 299 3019 jam
320 2940 444 3002 taudem
465 2940 608 3024 quotidie
627 2963 727 3004 noras
746 2941 1010 3023 indulgentiarum
1023 2962 1105 3005 mer·

86 3062 156 3120 ces,
176 3041 303 3103 venales
328 3042 389 3103 buc
418 3041 574 3105 atlleruut.
624 3044 707 3103 'l'utu
728 3039 957 3104 absolutiones.
979 3041 1127 3118 dispeu-¹

86 3138 241 3213 sationes,
268 3140 479 3203 relaxationes
499 3152 530 3203 et
550 3141 686 3203 inlluitas
707 3141 740 3202 id
759 3159 860 3221 genus
879 3138 992 3213 bullas,
1019 3138 1105 3199 lratt·

86 3239 308 3310 dulentissimis
328 3241 413 3319 apud
433 3243 560 3323 vulgum
582 3242 631 3303 usi
652 3237 927 3319 persuasionibus,
949 3239 980 3299 iu
992 3258 1106 3320 magua

85 3340 126 3402 de
145 3361 180 3400 se
198 3339 360 3402 hominum
376 3339 547 3420 opinione,
567 3338 797 3412 veruliderunt3
823 3349 917 3421 atquc
936 3338 984 3400 his
1002 3336 1112 3403 medie

86 3449 117 3500 et
138 3437 206 3498 aliis
226 3438 462 3520 compluribus,
489 3459 595 3522 neque
618 3441 701 3501 ettim
720 3458 870 3502 numerus
890 3450 954 3515 est,
987 3451 1106 3504 tantum

85 3537 244 3620 pecuniae,
265 3552 415 3621 quantum
434 3538 497 3602 dici
515 3560 583 3602 nou
601 3550 722 3620 potest,
743 3527 799 3602 diu
824 3537 887 3620 jam
905 3557 989 3602 tratis
1007 3538 1104 3623 Alpes

87 3635 160 3700 hinc
187 3636 402 3715 deportarunt.
448 3639 608 3703 Praeterea
628 3642 726 3702 multo
753 3658 836 3719 saepe
854 3638 919 3714 bic,
949 3651 981 3701 et
1006 3642 1038 3703 iu
1056 3639 1105 3705 hit

88 3736 246 3817 principes
265 3736 371 3812 viros,
404 3739 603 3803 anathematis
632 3739 753 3803 inflictu
775 3740 988 3819 perculertmt.
1025 3739 1107 3819 Qui·

84 3838 217 3900 busdam
236 3856 395 3899 venenum
413 3837 623 3914 miscuerunt,
644 3840 721 3902 alios
742 3856 801 3917 per
816 3837 952 3919 speciem
965 3838 1104 3901 amicitia

86 3937 228 4001 hostibus
257 3935 379 3999 nelarie
407 3937 630 4019 prodiderunt.
678 3939 812 4018 Semper
830 3937 1002 4003 discordias
1020 3936 1104 4001 inter

85 4039 243 4120 principes
273 4047 399 4100 nostros
438 4038 616 4102 excitarunt
643 4055 675 4099 et
701 4039 860 4114 aluerunt,
887 4036 1104 4124 pulcherrimis

84 4158 167 4220 saepe
197 4138 294 4204 rebus
326 4136 585 4219 splendidissimis
620 4137 818 4200 facinoribus
850 4158 966 4221 magno
1005 4137 1103 4200 totius

85 4236 262 4316 reipublicae
277 4236 460 4300 Christianae
479 4237 682 4301 incommodo
702 4257 739 4297 ae
757 4236 885 4318 publico
904 4239 985 4300 malo
1004 4237 1104 4317 impe·

85 4335 257 4401 dimentum
287 4341 467 4402 studerunt.
522 4339 599 4401 Haee
629 4336 749 4412 omnia,
778 4336 925 4422 iuquam,
953 4347 986 4400 ot
1003 4337 1101 4400 multa
