2632 5086
205 801 284 913 Qd
471 780 575 874 Trias
600 799 766 873 Romana
785 764 974 898 'Dialogus

209 1003 242 1056 et
260 991 384 1073 pietatis
408 990 631 1055 conscientiam
658 1012 694 1053 ac
715 990 935 1072 spoliabuntur
952 990 1080 1075 quidem
1102 990 1235 1060 divitiis.

178 1153 181 1158 .
209 1092 266 1156 sed
285 1090 557 1174 amplifici'buntur
572 1093 695 1153 honore
717 1112 793 1153 vere
820 1091 1024 1168 sacerdotati,
1053 1104 1085 1154 et
1112 1112 1235 1176 spectr-

209 1195 325 1255 buntur
340 1191 371 1254 in
388 1193 549 1269 majestate
568 1213 601 1254 se
619 1193 723 1273 digna.
763 1193 793 1254 Ο
807 1191 891 1254 diem
909 1195 992 1254 hunc
1006 1191 1115 1254 videre
1130 1194 1234 1266 liceat,

209 1314 280 1355 cum
302 1293 368 1355 istis
391 1284 501 1354 sortitis
521 1292 752 1372 pravitatibus,¹
771 1294 836 1353 haec
855 1303 948 1354 erunt
971 1313 1069 1372 penes
1094 1293 1234 1355 ecclesio

207 1404 326 1474 caput,
365 1391 476 1453 ubiubi
495 1393 660 1453 habebitur
688 1392 773 1453 iliud.
817 1391 862 1453 Hi
890 1391 1035 1471 proiecto
1064 1391 1235 1472 placebunt

209 1491 372 1574 episcopi,
406 1513 470 1553 non
491 1493 549 1569 itti,
571 1493 687 1576 quibus

311 1610 405 1665 Picta
425 1628 533 1678 croco,
553 1619 580 1664 et
589 1610 734 1684 sulqenti
751 1610 870 1664 ›nurtce
887 1612 998 1675 vestis,

306 1710 446 1764 Desidiae
466 1711 574 1778 cordi,
585 1712 684 1778 juvat
706 1709 868 1783 indulqere
885 1708 1018 1763 choreis.

639 1846 804 1904 liutten.

282 1954 324 2016 At
337 1973 403 2014 non
414 1962 533 2013 tantum
543 1954 651 2013 molles
665 1963 753 2024 sunt,
769 1963 800 2012 et
812 1950 953 2024 delicati,
969 1951 1024 2013 sed
1038 1951 1230 2016 fraudulenti

207 2053 299 2116 etiam
319 2053 459 2126 interim,
488 2063 519 2113 et
538 2064 678 2112 extreme
698 2050 838 2127 furaces,
860 2071 895 2111 ao
914 2052 1060 2124 violenti,
1082 2075 1164 2135 quos
1180 2077 1230 2116 rn-

205 2153 314 2234 piendi
334 2164 365 2213 et
383 2151 569 2233 compilandi
586 2172 691 2226 amor,
711 2163 744 2212 et
766 2151 900 2213 avaritiae
919 2147 1057 2215 studium
1070 2164 1229 2216 transver-

207 2273 260 2317 sos
280 2252 365 2334 agit,

303 2371 491 2441 Semperque
509 2379 643 2424 recentes

313 2470 502 2528 Consectare
510 2470 608 2536 juvat
622 2469 750 2536 praedas
758 2510 767 2537 ,
786 2477 814 2522 et
832 2471 934 2525 vivere
950 2478 1053 2546 rapto.

619 2603 812 2666 Ernhold.
920 2598 927 2616 ’

280 2711 343 2775 Ubi
366 2711 481 2776 eximie
512 2712 625 2773 mnium
645 2723 692 2772 est
714 2711 826 2773 hocin
847 2711 920 2786 iilis,
951 2714 1040 2796 quod
1057 2707 1226 2796 rapiendo,

204 2811 399 2887 fraudando,
417 2823 450 2874 et
463 2811 677 2893 compilando,
698 2833 767 2893 quae
780 2813 947 2895 acquirunt
961 2815 1099 2877 ecclesiae
1113 2838 1225 2896 parare

205 2933 240 2976 se
259 2912 390 2988 dicunt,
419 2923 451 2972 et
472 2911 534 2975 Dei
553 2911 728 2995 obsequio,
758 2933 793 2972 ac
812 2913 868 2974 ubi
889 2914 958 2996 quis
981 2898 1132 2977 tantillum
1151 2916 1226 2996 ipsis

175 3023 176 3028 ’
203 3010 339 3074 vicissim
360 3010 547 3087 detraxerit,
570 3012 758 3093 sacrilegum
778 3014 988 3093 proclamant,
1009 3027 1040 3076 et
1060 3016 1226 3078 ecclesiam

204 3111 343 3193 diripere
372 3132 445 3174 eum
472 3111 705 3185 vociferantur,
733 3133 768 3173 ac
784 3113 845 3175 Dei
866 3115 987 3175 hostem
1006 3116 1224 3194 pronuntiant.

204 3212 252 3281 lta
279 3213 338 3274 soli
364 3212 493 3294 impune
522 3212 647 3292 rapiunt
676 3209 753 3290 ipsi,
789 3214 849 3275 soii
882 3216 1080 3293 propositum
1109 3217 1225 3278 habent

204 3313 317 3375 sceleri
351 3312 529 3394 premium,
575 3311 664 3393 quod
690 3313 814 3394 quoties
841 3313 977 3391 faciunt,
1009 3317 1220 3400 virgilianum

203 3413 277 3477 mihi
297 3414 359 3475 hoc
380 3433 533 3494 usurpare
551 3412 714 3472 videntur:

306 3533 468 3588 Irruimus
476 3527 591 3599 ferro,
611 3538 640 3581 et
656 3529 774 3598 Divos,
792 3531 953 3606 ipsumque
971 3551 1118 3588 vocamus

302 3633 343 3687 In
357 3639 501 3703 partem,
515 3630 719 3703 predamque
736 3632 856 3685 donem.

618 3765 650 3826 H
663 3787 685 3827 u
698 3776 711 3826 t
724 3776 765 3826 te
778 3786 811 3828 n.

279 3867 342 3931 Sed
360 3857 449 3928 serto
469 3885 536 3929 non
555 3864 689 3928 irruunt.

620 3982 816 4044 Ernhold.

279 4081 323 4144 At
340 4080 469 4162 plumbo
495 4080 636 4156 irruunt,
672 4083 749 4164 quid
775 4092 878 4148 autern
896 4084 1011 4161 refert,
1039 4088 1152 4170 quibus
1172 4109 1221 4150 ar-

203 4185 260 4249 mir
280 4185 421 4247 vincatur
438 4179 630 4246 Germania?

633 4301 666 4363 Η
673 4310 808 4363 utten.

280 4400 343 4471 Sed
360 4400 405 4465 ibi
425 4403 503 4486 quid
521 4418 613 4465 cavet
631 4402 715 4465 bulla
733 4423 828 4465 coenae
848 4401 1003 4467 Domini?
