2632 5086
181 1169 419 1248 illustrissimo
443 1171 604 1271 Principi
629 1199 672 1247 ac
697 1172 858 1248 Domino
882 1174 1129 1276 Ferdiuando,

461 1306 845 1449 mmmmfflmffl.

589 1532 729 1552 nna—u·-

146 1690 222 1781 Jaru
251 1721 291 1782 ad
319 1720 455 1786 Romani
492 1708 615 1798 imperii
646 1718 805 1799 fastigium
837 1730 950 1786 evecto
982 1736 1038 1788 tuo
1067 1716 1186 1811 fradre⁹

148 1818 281 1893 Carmo,
313 1820 467 1896 Princeps
494 1817 712 1883 illustrissime!
744 1822 935 1885 studendum
964 1844 1166 1906 summopere
1272 1828 1314 1883 .··''

147 1919 281 1979 arbitror
312 1918 459 1980 omnibus
488 1916 601 1993 nobis,
635 1919 751 1999 quibus
776 1940 854 1986 cura
881 1944 950 1985 esse
980 1925 1095 2002 debet,
1124 1944 1166 1988 ne
1226 1920 1277 2005 '⁵:²³'

145 2020 295 2081 inutiliter
323 2020 537 2098 expendamus
567 2019 721 2082 creditum
749 2020 842 2084 nobis
869 2026 1037 2102 talentum,
1065 2037 1101 2086 ut
1127 2020 1168 2088 ati
1227 2010 1230 2015 ¹

145 2120 262 2199 optima
286 2120 329 2179 itii
360 2120 464 2187 omnia
488 2123 678 2201 capessenda
707 2121 904 2184 consultores
927 2123 1025 2186 simus
1049 2140 1168 2204 oppor-

144 2219 228 2294 tuni,
255 2232 288 2281 et
309 2220 418 2280 seduli.
457 2222 554 2301 Quod
575 2242 673 2303 quum
693 2222 758 2293 oiiis
788 2223 821 2284 in
840 2221 936 2285 rebus
957 2223 1065 2286 tacere
1089 2224 1168 2289 sfios

146 2321 288 2396 rideam,
317 2323 385 2401 ipse
412 2322 473 2383 hoc
500 2320 575 2384 mihi
603 2323 782 2403 desumpsi,
813 2322 1019 2387 obnixissime
1046 2334 1081 2384 ut
1100 2344 1169 2384 moa

143 2442 251 2497 neam,
277 2443 319 2483 ue
340 2423 474 2502 patiatur
495 2422 612 2484 diutius
642 2423 870 2487 contumeliose
894 2423 1031 2486 Romani
1062 2422 1169 2503 ponti·

143 2524 209 2584 ficis
221 2519 377 2599 tyrannidi
388 2521 560 2583 obnoxiant
578 2543 648 2584 essc
667 2524 746 2585 hane
763 2522 935 2584 nationem.
973 2522 1060 2602 Quid
1083 2522 1168 2585 euim

144 2622 232 2702 prius
261 2617 373 2701 aliquis
402 2613 578 2695 existimat,
609 2625 730 2686 'furcas
760 2644 830 2686 esse
857 2622 1079 2699 debellandos,
1111 2623 1168 2706 qui

144 2740 176 2785 et
195 2724 321 2804 longius
343 2721 472 2796 absunt,
495 2736 527 2783 et
546 2742 586 2781 eo
605 2744 723 2803 genere
742 2724 835 2785 nohis
855 2726 1077 2798 adversantur,
1099 2744 1166 2806 quo

144 2822 304 2905 potuimus
330 2820 390 2903 ipsi
409 2841 540 2904 semper.
557 2822 740 2901 plurimum,
772 2808 930 2886 armorum
950 2824 1167 2886 contentione.

142 2928 195 2990 An
215 2929 300 3009 prius
320 2922 417 2986 hostis
443 2934 491 2986 est
515 2924 723 3007 quaerendus,
755 2944 849 3005 quem
869 2924 1048 2985 hauddum
1067 2920 1168 2985 sensi·

143 3050 233 3102 mus,
266 3006 359 3108 quam
382 3024 456 3086 huic
480 3023 709 3098 resistendum,
747 3024 804 3106 qui
830 3024 864 3083 in
893 3021 1072 3085 cervicibus
1103 3021 1166 3100 iam

143 3128 277 3202 nostris,
303 3147 418 3209 magno
445 3145 518 3187 carm
549 3123 773 3187 dominationis
799 3122 883 3186 fastu
910 3122 1091 3206 grassatum?
1128 3115 1167 3184 ld

143 3229 231 3312 quod
250 3228 360 3289 conari
379 3226 545 3307 adgressus
565 3244 649 3305 ego,
678 3244 744 3286 uon
763 3235 882 3288 tantum
904 3223 1079 3306 periculum
1098 3242 1166 3287 non

141 3316 269 3391 metuo:
287 3320 511 3409 quippe‘juxta
524 3322 640 3385 Christi
652 3325 836 3388 senteutiam
847 3325 1012 3401 existimo,
1027 3322 1163 3400 fortiter,

145 3449 214 3511 quae
242 3447 318 3489 vera
343 3437 432 3502 sunt,
461 3421 613 3498 dicenda3
644 3445 704 3485 nec
722 3424 879 3490 timendos
905 3445 975 3488 esse
999 3442 1073 3500 eos,
1107 3416 1163 3508 qui

143 3526 295 3589 occidunt
312 3547 446 3607 corpus,
474 3528 605 3588 animam
624 3534 729 3589 autern
747 3547 813 3588 uon
840 3540 975 3606 possunt
990 3525 1162 3588 'occideret

143 3628 200 3691 sed
219 3629 377 3707 premium
404 3626 497 3688 etiam
520 3644 632 3707 spero,
662 3644 729 3687 non
751 3625 821 3702 hic,
849 3624 906 3687 ubi
931 3625 1069 3689 minores
1089 3638 1163 3689 suat

142 3730 261 3795 meritis
296 3726 412 3790 nostris
447 3727 695 3805 retributiones,
733 3727 791 3791 sed
823 3724 857 3787 in
891 3724 942 3788 itta
975 3728 1163 3807 sempiterna

142 3832 259 3915 patria,
291 3831 345 3891 ubt
373 3828 523 3892 reddetur
554 3829 725 3911 unicuique
755 3827 930 3890 secundum
954 3821 1066 3892 merita
1093 3843 1162 3889 sna.

141 3935 234 4000 Dabo
266 3929 350 3994 euim
386 3946 537 4010 operam,
575 3938 610 3989 nt
640 3928 782 3991 abstruse
812 3948 938 4009 nuper,
977 3943 1010 3991 et
1036 3936 1162 3995 exstare

141 4036 238 4098 uetita
262 4032 296 4093 iu
324 4033 425 4092 iucem
453 4028 586 4107 prodeat
604 4028 740 4105 veritas,
766 4047 826 4090 nec
844 4026 933 4091 iocru
962 4021 1001 4092 sit
1029 4024 1161 4111 amplius

142 4132 297 4219 pudendis
325 4129 524 4203 fictionibus,
553 4129 710 4192 sceleratis
733 4125 922 4191 mendaciist
955 4124 990 4190 in
1019 4144 1090 4211 quse
1117 4127 1162 4188 sic

143 4231 338 4298 consensisse
356 4232 509 4293 mundum
525 4228 688 4304 videmus,
709 4240 745 4291 ut
765 4222 834 4312 qns'e
848 4226 967 4293 Christi
980 4236 1161 4313 suntffitas

143 4337 193 4401 'dle
213 4331 407 4395 observanda
431 4329 561 4409 docuit,
591 4352 674 4413 pene
696 4326 734 4394 iis
754 4326 863 4412 ignota
884 4329 962 4405 sint,
991 4320 1047 4413 qui
1070 4324 1163 4392 chri·

177 4464 402 4527 numum
753 4441 799 4510 Μ
