2632 5086
364 735 410 806 ad
434 734 624 819 Albertum
649 732 806 835 princip.
830 734 890 811 lib.
1072 744 1145 813 255

116 936 149 990 el
179 926 236 986 alia
259 926 376 1008 quihus
397 926 507 989 obsisti
528 927 643 991 morbo
661 927 829 1010 putabatur
848 950 1033 1012 aggressura
1061 929 1145 997 Nem
1173 972 1176 977 -

116 1039 147 1086 et
171 1027 291 1088 balneis
313 1027 521 1113 curabamur,
556 1040 587 1089 et
604 1029 774 1093 herbarum
800 1031 874 1093 latu
894 1051 930 1092 ae
948 1024 1144 1112 potionibus,

116 1140 148 1188 et
173 1130 322 1191 erosinne
346 1132 498 1192 ulcerum.
543 1131 598 1193 Ad
613 1152 711 1213 quem
730 1154 824 1193 usum
846 1130 1068 1195 adsumebalur
1094 1154 1144 1195 ar·

115 1231 275 1303 senirnm,
307 1241 532 1305 atramentum,
558 1233 730 1294 calcantunr
756 1231 858 1294 viride
880 1232 968 1309 aeris,
990 1243 1043 1295 aut
1061 1252 1145 1316 aqua

117 1354 187 1414 quae
204 1331 296 1392 lnrlis
312 1342 464 1406 vocatur,
483 1343 567 1394 lanta
584 1353 656 1394 cunt
671 1333 790 1397 doloris
802 1333 988 1408 acerbitate,
1008 1344 1043 1395 ut
1055 1324 1144 1397 credi

114 1433 236 1513 possint
257 1432 348 1493 nimis
372 1433 502 1493 vivendi
529 1433 654 1513 cupidi,
695 1432 840 1516 quinon
866 1432 947 1495 mori
966 1432 1142 1509 maluerint,

113 1556 208 1614 quant
229 1535 273 1594 sic
293 1532 388 1594 vitam
407 1535 564 1613 proferre.
603 1534 667 1596 Sed
687 1534 886 1599 acerbissima
909 1534 1049 1596 omnium
1066 1524 1147 1609 fust,

113 1657 183 1716 qum
209 1634 418 1713 perunctione
450 1634 544 1695 fiebat
572 1632 713 1709 ettratio,
750 1646 784 1695 et
808 1636 841 1696 in
869 1655 908 1695 ca
930 1633 1142 1697 miserrimum

112 1737 195 1808 hoe,
215 1736 303 1816 quud
322 1734 377 1817 qni
396 1734 441 1794 sic
460 1734 667 1797 metiebantur
684 1735 870 1797 medicinam
889 1733 949 1813 ipsi
968 1755 1033 1795 non
1051 1735 1143 1797 calle-

112 1837 197 1896 bant.
236 1839 348 1917 beque
370 1834 455 1896 enim
476 1831 646 1915 chirurgici
665 1837 722 1897 hac
739 1846 859 1905 tautum
876 1836 1061 1911 utebantur,
1082 1833 1141 1898 sed

112 1946 147 1995 nt
174 1934 400 1996 arulacissimnt
421 1935 558 2018 quisque
588 1945 640 1996 aut
664 1934 695 1995 in
721 1933 786 1997 aliis
819 1935 957 2007 viderat,
994 1946 1046 1996 ant
1070 1933 1139 2015 ipse

67 2027 73 2039 ¹
112 2036 241 2108 tulerat,
267 2035 308 2096 ita
327 2036 481 2097 circuibat
501 2035 657 2097 medicum
676 2054 784 2116 agens.
830 2036 903 2098 Uno
922 2035 1073 2118 quopiam
1098 2036 1139 2097 ad

111 2154 222 2205 ornares
244 2147 408 2213 ungnento
431 2136 610 2214 utebantur.
662 2136 704 2196 Et
723 2146 758 2196 nt
775 2135 825 2196 ille
850 2136 902 2196 ait.
941 2136 1014 2198 Uno
1031 2137 1137 2198 calceo

112 2256 220 2295 omrres
234 2235 422 2302 calceabant.
461 2236 534 2298 Uno
560 2234 683 2297 collirio
701 2257 811 2299 omnes
830 2237 988 2298 sanabant.
1025 2236 1139 2319 Siquid

110 2336 266 2397 accideret
290 2335 416 2400 interim
440 2357 545 2417 aegro,
572 2333 698 2399 consilii
722 2335 845 2416 inopia,
868 2337 946 2419 quid
968 2337 1139 2400 suaderent

108 2456 174 2495 non
206 2435 373 2498 habebant.
421 2436 685 2520 Ferebanturque
710 2437 866 2511 latrones,
899 2448 935 2498 ut
957 2436 990 2498 in
1007 2435 1137 2516 prtblico

109 2557 237 2610 errore,
272 2557 344 2599 eram
362 2532 653 2608 obmutescentibus
671 2537 801 2600 medicis
819 2537 959 2619 experiri
977 2536 1136 2614 omnibus,

107 2637 188 2717 quid
217 2638 351 2712 vellent,
381 2635 516 2701 liberum
543 2624 637 2702 esset.
682 2639 796 2721 ltaque
827 2641 915 2701 nullo
943 2638 1057 2702 ordine
1082 2647 1137 2701 aut

107 2736 309 2816 praescripto,
336 2735 398 2800 nisi
414 2740 503 2821 quod
518 2749 592 2801 astu
614 2759 650 2801 ac
668 2760 789 2821 vapore
809 2740 1005 2815 efficiebant,
1025 2737 1135 2803 simili·

109 2847 158 2898 ter
181 2857 312 2912 omnes,
348 2838 463 2902 nullius
494 2861 601 2923 neque
625 2841 792 2922 temporis,
807 2838 931 2925 'neque
962 2860 1137 2921 corporum

108 2936 270 3018 qualitatis
293 2937 396 3009 habita
418 2941 541 3003 ratione
568 2942 759 3004 curabantur
779 2928 864 3021 aegri.
909 2942 1024 3022 Neque
1042 2939 1136 3003 inscii

104 3049 331 3117 perunctores,
349 3041 578 3126 materiamque
588 3043 692 3106 morbi
712 3063 805 3105 causa
824 3052 925 3116 esset,
944 3039 1039 3102 ducta
1059 3042 1133 3105 atra

103 3139 343 3218 subtrahebant,
381 3154 436 3206 aut
460 3143 544 3205 eirca
569 3164 658 3206 esum
681 3163 717 3204 ac
744 3154 855 3223 polum
883 3140 1133 3222 temperantiam,

102 3243 273 3305 antulium
289 3243 393 3307 vietus
416 3242 585 3308 discrimen
606 3243 797 3309 indicebant.
849 3243 993 3304 Tandem
1013 3262 1055 3336 eo
1082 3241 1133 3305 in·
1193 3294 1212 3311 ..

102 3343 260 3415 commodi
276 3363 328 3406 res
338 3342 504 3420 veniebat,
526 3356 562 3408 ut
579 3344 721 3412 dentium
739 3365 815 3408 rasus
826 3344 1034 3419 adimeretur,
1054 3342 1130 3425 ipsis

104 3440 328 3507 vacillantibus.
384 3445 432 3510 Os
451 3446 572 3531 alioqui
596 3458 697 3509 totum
722 3465 789 3508 uno
814 3456 990 3525 occupante
1006 3446 1130 3517 ulcero,

105 3540 167 3602 eibi
180 3545 404 3623 appetentiam,
423 3546 593 3631 frigefacto
603 3547 783 3620 stomacho,
803 3557 834 3605 et
845 3545 991 3606 turbante
1003 3544 1131 3621 foetore,

105 3642 280 3705 amitterent
296 3646 382 3728 agn.
421 3645 569 3732 Cumque
588 3647 656 3712 sitis
671 3632 754 3711 esset
769 3644 994 3719 intolerabilis,
1023 3656 1130 3707 tamen

103 3744 194 3823 'quod
211 3745 251 3804 ad
270 3749 462 3811 stomachum
481 3748 601 3812 laceret
615 3748 755 3830 potionis
781 3768 882 3827 genus
903 3748 1024 3808 nullum
1040 3744 1129 3813 inve.-

103 3841 257 3907 niehatur.
295 3846 405 3911 Multis
423 3849 464 3910 ad
482 3849 688 3931 vertiginem,
709 3847 897 3931 quibusdam
919 3847 959 3909 ad
976 3844 1129 3909 insaniun

101 3965 205 4026 usque
238 3946 445 4012 infestabatur
480 3949 658 4013 cerebrum.
712 3948 905 4012 Tremebant
948 3946 1023 4009 inde
1059 3966 1128 4009 non

95 4066 209 4107 manus
223 4056 360 4124 tanaim,
391 4049 449 4113 sed
472 4051 570 4133 pedes
587 4051 682 4115 etiam
698 4060 731 4115 et
747 4050 932 4113 universum
948 4067 1067 4129 corpus
1089 4069 1128 4113 ae

94 4146 203 4228 lingua
240 4134 431 4213 balbutiemi
456 4150 614 4229 trahebat,
656 4151 814 4214 nonnullis
855 4147 1125 4228 imrnedteabilem,

97 4246 218 4311 Multos
235 4249 269 4311 in
286 4249 391 4314 media
400 4252 565 4316 curatione
578 4250 708 4315 interire
724 4252 808 4337 vidi,
829 4261 861 4315 et
874 4252 1033 4333 quendam
1047 4245 1126 4312 novi

95 4345 141 4408 sic
161 4350 359 4429 medentem,
390 4352 447 4436 qui
468 4363 533 4419 tres
563 4372 626 4415 ana
648 4352 702 4416 die
728 4353 817 4417 viros
842 4351 1014 4435 agricolas,
1050 4370 1125 4414 carn
1180 4420 1186 4429 ,
