2632 5086
464 709 590 787 Febris
614 682 800 805 Dialogus:
1029 662 1033 667 -
1070 719 1137 791 tot

195 899 293 977 ianitor,
304 891 511 982 petiissemque
530 897 651 981 aliquot
670 897 712 959 ibi
735 897 802 960 dies
820 900 986 980 hospitari,
1017 901 1141 974 „audin'

197 1000 250 1072 bu,
274 998 364 1081 inquit,
403 997 596 1080 strepitus?“
622 1031 659 1043 -
684 990 778 1058 audio
808 999 885 1060 dixi.
932 1003 1007 1062 Erat
1038 1013 1140 1066 antem

123 1134 134 1185 p
198 1097 280 1180 qn'dtrn
297 1099 402 1182 aliquid
428 1098 516 1180 quasi
543 1097 715 1177 petentium
743 1099 860 1176 pulsus.
911 1100 1044 1176 Panem,
1080 1101 1141 1175 ait,

123 1204 128 1293 ἰ
195 1198 360 1278 togntpransi
373 1196 551 1271 domestici;
571 1218 698 1278 panem,
714 1196 855 1279 inquam,
872 1200 958 1279 ego?
976 1202 1082 1282 Atqne
1097 1200 1140 1261 ita

195 1299 329 1376 puceduur
347 1300 450 1363 bacin
469 1301 562 1362 domo
583 1298 687 1371 cibus,
708 1307 743 1357 ut
760 1318 799 1358 ne
815 1299 901 1378 panis
921 1299 1047 1380 quidem
1066 1301 1138 1361 satie

193 1409 319 1476 epotetur.
359 1400 406 1461 lta
431 1401 542 1479 parce!
574 1396 687 1479 inquit.
724 1397 806 1458 Tum
826 1397 945 1476 potvitti
964 1420 1029 1459 non
1049 1411 1136 1474 sunt,

189 1499 329 1577 utptnmae,
356 1499 502 1578 nullaque
524 1497 650 1559 omnino
676 1495 836 1570 mollities,
862 1510 1064 1580 preterquam
1085 1520 1137 1574 ea,

123 1598 125 1667 j
186 1595 255 1658 uite
274 1596 442 1659 cardinalis
471 1596 537 1676 ipsc
572 1595 715 1669 devovit,
756 1608 787 1658 et
814 1597 845 1658 in
874 1619 935 1678 qna
966 1600 1138 1662 deliciatur.

184 1693 259 1758 team
280 1696 303 1757 is
328 1694 595 1759 maledictionibus
622 1697 788 1757 adversum
821 1707 851 1756 te
879 1696 1044 1761 instructus
1074 1711 1138 1772 est,

123 1770 127 1895 i
182 1796 455 1857 excommunicaturus
475 1793 589 1868 statim,
621 1815 656 1854 ac
682 1797 775 1856 latum
794 1793 876 1856 intrb
901 1796 1012 1876 pedem
1035 1817 1139 1860 acces-

179 1893 232 1953 en.
265 1896 398 1976 Legatns
424 1903 471 1955 est
490 1893 571 1954 enim
590 1893 709 1954 Leonis
728 1893 877 1968 Maximi,
910 1895 988 1955 male
1008 1906 1039 1956 et
1056 1896 1139 1959 benc

123 2012 126 2045 :
178 2001 320 2054 oneretur
339 1993 424 2075 quis,
458 2001 510 2052 aut
531 1992 589 2071 ipsi
609 1987 709 2054 visiun
728 1992 840 2066 fuerit,
875 1993 994 2072 precari
1014 2006 1136 2075 potens.

123 2072 127 2141 i
175 2086 260 2153 Dictum
285 2092 406 2171 putavi,
445 2102 538 2174 atquc
574 2092 679 2154 abiens
716 2105 747 2154 te
778 2092 884 2154 inveni
921 2093 1138 2175 benigniorem

174 2191 240 2252 tnta
256 2191 414 2274 hospitem.

550 2291 712 2352 Hutten.

221 2391 286 2454 Turn
301 2410 352 2452 me
371 2387 512 2462 tenuius,
534 2400 568 2449 ut
591 2389 704 2464 video,
724 2409 844 2452 coenare
865 2389 1020 2469 oportuit,
1041 2408 1135 2473 quem

123 2492 125 2497 '
174 2496 359 2572 nunqnam,
379 2488 405 2550 si
419 2487 605 2562 meminero,
626 2488 766 2552 invenies
786 2490 842 2551 bos
855 2490 938 2570 apud
953 2491 1133 2551 sacerdotes

172 2582 249 2664 Ιιτςὶιιε
266 2591 448 2669 epulantem.
491 2588 612 2647 Verum
632 2587 681 2651 isti
700 2587 756 2648 tibi
781 2587 908 2670 opifices
928 2589 1025 2669 inepti
1046 2600 1136 2666 sunt,

170 2683 262 2760 opinor,
281 2700 310 2749 et
335 2685 394 2765 ipsi
412 2685 560 2764 hospites.

551 2784 704 2847 Febris.

218 2886 265 2963 Qui
282 2908 330 2947 me
344 2884 456 2967 partim
474 2884 576 2946 inedia
594 2887 705 2964 procul
720 2897 842 2962 arcent,
862 2885 972 2969 partim
990 2884 1139 2968 eorporis

165 2985 279 3047 unitio
297 2988 391 3068 longe
413 2983 607 3065 proturbant.

549 3084 736 3144 Huttcn..

217 3184 257 3246 Ad
272 3183 447 3265 principum
465 3193 496 3244 te
516 3192 619 3243 autem
636 3184 765 3256 donico,
792 3192 843 3243 aut
862 3181 983 3245 illorum
1002 3181 1132 3247 divitum

163 3278 219 3358 pud
233 3288 253 3346 si
276 3287 460 3356 adduxero,
487 3293 539 3344 aut
557 3295 762 3358 mercatores,
793 3293 887 3365 atque
907 3283 986 3344 adeo
1005 3283 1030 3343 F
1033 3302 1132 3364 ugge-

160 3396 199 3441 ror
213 3382 259 3445 tibi
276 3385 301 3445 si
321 3384 465 3445 indicem.
618 3422 620 3427 -

545 3476 709 3541 Febris.

208 3582 298 3655 Nihil,
326 3582 445 3643 cinctos
468 3600 574 3640 omnes
598 3580 686 3640 turba
709 3578 900 3641 medicorum
921 3576 1027 3639 inveni
1046 3597 1135 3639 acce»

151 3675 208 3743 &aa
223 3681 397 3766 aliquando.
434 3679 574 3743 Proinde
599 3688 630 3738 et
656 3678 739 3758 apud
764 3679 848 3757 ipsos
874 3698 938 3738 non
959 3687 1006 3738 est
1023 3678 1129 3750 locus;

144 3776 193 3842 be
209 3782 283 3855 etio,
303 3802 361 3860 per
379 3799 484 3841 meum
502 3777 576 3839 illud
595 3776 627 3837 in
646 3787 677 3838 te
695 3786 785 3842 vetus
804 3774 992 3846 beneficium
1012 3794 1081 3836 oro.

566 3878 675 3937 Hutt.

198 3976 260 4041 Per
282 3975 371 4059 qnod
396 3985 483 4035 tuum
506 3971 715 4038 beneficium?
754 3974 854 4053 Quam
874 3968 947 4031 mihi
973 3967 1131 4037 fictionem

126 4076 253 4143 mu?
278 4076 332 4136 Tu
351 4084 454 4137 antem
471 4072 625 4136 beneficio
644 4072 756 4148 afficis,
783 4093 863 4154 quos
882 4069 1003 4133 babes?

552 4169 706 4235 Febris.

190 4277 246 4343 To
275 4254 415 4337 emittm
439 4271 580 4342 arabae.
629 4270 681 4332 bu
708 4266 844 4344 excutit,
881 4275 994 4329 octavo
1019 4262 1130 4333 abhinc

220 4496 241 4537 q
