2632 5086
154 799 221 867 rso
343 791 399 865 tr
423 791 510 865 Am.
536 789 827 889 Gtaubergerum
852 760 972 890 rpus

98 1046 101 1051 .
121 1002 124 1009 '
148 984 226 1049 meis
246 1005 310 1045 non
330 1004 460 1064 possum
479 983 559 1046 eerti
578 981 697 1064 aliquid
716 985 864 1046 mandare
884 1004 979 1047 nune.
1014 984 1174 1065 Exspecta

148 1086 331 1148 ulteriorem
356 1085 490 1167 aliquam
517 1102 617 1156 meam
644 1084 818 1162 epistolam.
841 1086 989 1148 -lnterim
1015 1106 1109 1160 eura,
1139 1098 1174 1147 ut

148 1184 308 1247 orationes
323 1184 356 1245 in
371 1185 555 1263 Tyrannum
571 1183 799 1246 describantur.
832 1186 929 1266 Quod
943 1204 1026 1265 pene
1042 1185 1173 1263 excidit,

144 1283 255 1369 paucis
275 1295 346 1346 aute
365 1283 473 1367 fugam
492 1284 621 1360 diebus,
642 1305 714 1346 eum
724 1285 880 1365 Tubingae
899 1295 1008 1367 ageret
1021 1296 1172 1365 tyrannus

145 1385 207 1449 tuit
232 1385 277 1446 ibi
313 1405 384 1446 eum
416 1384 470 1446 illo
507 1385 599 1449 simul
633 1405 717 1447 uxor
752 1385 877 1468 gentilis·
913 1385 974 1448 mei
1002 1385 1171 1449 interemti.

146 1487 243 1565 Quod
268 1484 387 1546 idcireo
415 1506 481 1546 non
500 1485 604 1567 patior
622 1486 771 1567 ignorare
791 1496 837 1560 te,
879 1507 1002 1570 quoue
1021 1487 1171 1571 cuiquam

46 1654 50 1659 ,
143 1585 276 1648 dubium
308 1605 378 1648 esse
406 1586 489 1648 sinas
509 1584 738 1648 interemtionis
761 1605 902 1659 cursam
937 1588 1170 1668 spurcissimam

142 1687 329 1761 mulierem,
357 1685 563 1750 foedissimum
588 1698 744 1761 scortum,
778 1698 921 1748 nostrum
948 1688 1102 1764 exitium,
1137 1703 1170 1752 et

140 1787 236 1867 hujus
256 1789 329 1851 betti
353 1789 528 1862 Helenam
554 1808 650 1872 quam
669 1786 828 1867 oportuit,
854 1786 882 1850 ri
900 1786 955 1850 Dii
980 1790 1167 1869 voluissent,

140 1888 173 1951 in
199 1910 309 1951 manus
334 1886 445 1951 venire
472 1900 616 1961 nostras,
650 1898 686 1949 ut
710 1908 816 1967 poenas
844 1889 943 1951 daret.
990 1890 1067 1951 Hoee
1094 1892 1167 1954 bre·

139 1989 239 2063 viter,
261 2000 294 2050 ut
314 1988 346 2049 in
365 1998 449 2049 tanta
465 1986 567 2069 eopia.
606 1988 687 2047 Vale
706 2008 777 2048 eum
793 2008 896 2050 uxore
914 2000 968 2049 tua
985 2001 1017 2050 et
1031 2011 1165 2056 socero:

137 2087 318 2170 iterumque
350 2089 430 2149 vale.
478 2086 604 2151 xvlfl.
631 2086 702 2149 tut.
732 2088 831 2170 Maii,
877 2087 1049 2172 Stuttgard.
1077 2094 1164 2175 apud

144 2192 338 2256 Caunionem
365 2188 478 2265 (1519).

211 2387 250 2451 Ρ.
271 2387 302 2449 S.
315 2388 431 2492 'Hodie
452 2388 485 2451 in
503 2410 613 2452 manus
633 2402 755 2454 nostras
776 2391 863 2453 veuit
883 2393 1035 2472 oppidum
1059 2395 1162 2459 Reut·

135 2487 244 2571 lingen
263 2509 337 2551 cum
361 2510 444 2552 aree.
