2632 5086
218 744 264 818 ad
289 742 584 835 Ferdiuaudum,
618 742 860 817 Archiducem
886 740 993 857 prael.
1043 724 1114 831 sle

97 936 209 1013 uobis,
241 948 273 999 et
299 936 369 999 reri
394 937 548 1017 pastoris,
582 956 618 996 ac
644 934 744 1017 ipsius
769 920 889 1000 Christi
911 937 1116 1003 imitationem
1182 916 1187 925 Ι

96 1038 274 1119 proposuit.
313 1040 420 1117 Quare
439 1057 503 1097 nou
524 1056 640 1099 vereor
659 1036 812 1099 seditiose
836 1037 914 1120 quid
935 1036 967 1099 in
984 1040 1116 1103 eeclesia

97 1151 151 1200 aut
164 1139 323 1218 republica
340 1138 515 1201 Christiana
528 1148 668 1199 acturum
683 1158 774 1213 eum,
794 1157 905 1218 quem,
926 1138 951 1200 si
972 1151 1117 1202 coustan-

97 1251 146 1301 tcr
169 1241 231 1335 hoe
249 1240 360 1313 faciet,
379 1258 440 1300 nec
459 1259 477 1299 a
497 1235 584 1299 Petri
605 1237 747 1319 vestigiis
767 1237 941 1312 aberrabit,
962 1260 1027 1301 uon
1047 1234 1116 1303 tah-

98 1352 163 1401 tum
181 1361 246 1402 nou
264 1340 446 1402 habebimus
465 1338 627 1400 incorum
646 1356 797 1412 numero,
822 1351 932 1401 contra
952 1362 1034 1421 qrros
1054 1341 1116 1405 hoc

96 1441 258 1515 scribitur,
280 1441 337 1503 sed
358 1440 514 1522 praecipuu
530 1439 679 1519 partam,
700 1450 732 1500 et
747 1439 898 1521 singulari
916 1462 1011 1520 supra
1030 1452 1115 1503 cete·

94 1563 148 1603 ros
182 1541 388 1603 veneralioue
420 1539 641 1620 dignabiuuu·;
676 1539 731 1620 rpri
764 1550 836 1619 post
864 1549 913 1601 tot
944 1560 1114 1620 perversos

94 1644 261 1722 pontillees
292 1640 411 1721 primus
438 1641 469 1701 in
490 1640 627 1701 verilotis
648 1649 679 1701 et
702 1638 827 1719 justitiae
856 1640 905 1702 ria
925 1641 1036 1720 pr-cire
1056 1660 1114 1721 po-

94 1743 185 1804 steris
205 1743 351 1803 iuventus
371 1741 420 1802 sit.
460 1741 524 1800 Tot
541 1738 603 1819 jam
623 1741 741 1802 sacculis
761 1760 836 1803 sano
863 1742 1010 1819 pontillce
1031 1760 1114 1820 opus

94 1841 155 1902 luit
175 1842 305 1902 mundo.
344 1839 454 1919 Quid?
474 1842 562 1923 quod
582 1841 679 1902 libros
700 1852 844 1913 veteres,
863 1839 974 1903 ubiubi
990 1843 1113 1916 lateant,

94 1941 285 2021 exquirere,
312 1958 348 2000 ac
368 1939 401 2002 in
418 1943 534 2021 vulgus
553 1943 649 2003 edere
677 1961 737 2003 nos
765 1938 869 2019 jubet:
902 1961 943 2001 eu
962 1940 1115 2002 adinven-

93 2051 159 2100 tum
183 2041 226 2101 illi
251 2038 364 2120 igitur!
392 2062 506 2124 quem,
538 2041 564 2102 si
584 2040 651 2103 talis
671 2052 736 2114 est,
768 2040 882 2101 amabit
910 2039 1112 2115 necessario,
1162 2086 1166 2093 .

93 2137 227 2221 ejusque
243 2141 400 2219 repertori
413 2142 531 2203 favebit
546 2141 577 2202 111
593 2162 703 2205 omues
720 2126 871 2212 eventus3
892 2151 1009 2201 tantum
1025 2141 1114 2203 abest

91 2240 360 2302 exsecrationibus
396 2253 428 2304 et
458 2242 644 2317 maledictis,
675 2242 763 2324 quod
789 2239 853 2322 jam
878 2240 1031 2321 suspicari
1058 2238 1114 2301 cli-

91 2361 173 2422 quos
199 2340 313 2415 rideo,
345 2342 428 2404 bene
452 2354 625 2406 merentem
652 2344 693 2403 de
712 2342 840 2422 publico
865 2341 1003 2421 impetat.
1042 2341 1114 2403 Jarn

89 2462 155 2502 uon
183 2454 265 2504 esset
293 2444 354 2504 hoe
387 2441 470 2504 euim
504 2444 636 2523 pastoris
664 2444 804 2516 Leonis,
842 2440 898 2503 sed
929 2438 1113 2521 praedaberis

89 2541 156 2621 lupi
194 2544 378 2615 devorare,
413 2543 501 2623 quod
538 2541 680 2622 oportuit
713 2562 843 2621 pascere
879 2551 933 2602 out
965 2541 1113 2636 perdere,

92 2640 180 2722 quod
200 2640 361 2701 custodire
382 2658 512 2703 necesse
531 2653 607 2702 crat.
646 2645 752 2720 Quare
772 2643 863 2705 ctiam
886 2641 1011 2704 minime
1031 2641 1115 2704 lata·

91 2752 196 2801 turum
214 2760 286 2800 eum
315 2739 469 2815 arbitror,
499 2752 551 2811 ut,
582 2740 609 2802 si
635 2744 709 2802 relit
728 2743 819 2804 etiam
839 2741 973 2806 Carolus
995 2761 1031 2802 ea
1050 2742 1124 2820 ria,¹

92 2860 155 2922 qua
176 2862 217 2902 cx
237 2839 390 2921 proximis
415 2840 655 2921 imperatoribus
673 2842 816 2922 quidam,
837 2844 876 2904 ad
896 2863 1045 2905 summam
1062 2863 1114 2906 re·

90 2962 161 3002 rum
186 2941 407 3020 capessendam
434 2940 641 3021 ingrediatur.
679 2939 851 3021 Proposirit
879 2943 964 3003 euim
984 2928 1121 3005 Petrum

91 3039 223 3102 imitari:
255 3065 350 3125 quem
370 3045 448 3126 quid
477 3042 632 3122 potuisset
658 3041 815 3103 turbatum
839 3041 937 3122 magis
964 3041 1112 3122 reddere,

90 3162 183 3224 qrram
203 3143 318 3226 siquis
339 3145 412 3206 olim
431 3141 808 3231 monrrisset‚.aliquau(lo
827 3139 969 3203 huruum
988 3151 1061 3220 post
1075 3160 1112 3203 se

90 3241 206 3304 Christi
228 3242 399 3317 vicarium,
438 3244 493 3327 qui
525 3265 590 3305 nou
610 3264 744 3325 regnum
766 3252 885 3303 tautum
907 3261 1059 3320 usurpare
1079 3239 1113 3303 in

89 3343 225 3403 animum
245 3343 431 3407 inducturus
452 3344 507 3420 sit,
536 3363 648 3407 rerum
667 3342 796 3423 regibus
816 3345 906 3404 etiam
927 3340 1112 3405 Christianis
1134 3410 1142 3431 ,

90 3443 145 3522 ‹pri
172 3463 229 3519 per
254 3447 474 3508 coutumeliam
503 3446 690 3507 oscidaudos
716 3444 815 3526 pedes
842 3441 983 3522 objicere
1006 3440 1112 3505 ausit?

90 3541 176 3621 Quid
195 3557 302 3621 posset
321 3547 455 3609 inveniri
475 3545 651 3609 dissimilius
671 3545 772 3620 euim,
793 3564 887 3627 quarn
903 3543 988 3605 illum
1006 3543 1110 3604 lavare

89 3662 219 3703 suorum
237 3643 334 3720 pedes
354 3664 371 3702 a
390 3643 517 3708 Christo
537 3647 675 3723 jussum,
694 3647 752 3708 hos
775 3644 815 3708 ad
831 3643 1035 3726 propriorum
1054 3634 1111 3724 [ie-

88 3743 163 3804 dum
184 3745 304 3818 oscula,
327 3744 353 3805 si
367 3743 434 3806 Diis
451 3748 568 3825 placet,
590 3745 785 3809 Christianos
798 3766 915 3828 cogere
930 3740 1112 3824 principes?

90 3844 335 3926 Opraeposleros
350 3844 447 3925 igitur
459 3846 624 3927 pontifices
655 3859 688 3908 et
697 3845 814 3929 quibus
826 3843 900 3906 nihil
914 3843 1109 3925 rumpono,

88 3945 161 4007 nihil
181 3967 252 4007 eum
271 3944 400 4007 Christo
420 3952 468 4008 est
486 3950 675 4010 commune-l
705 3947 769 4009 Sed
788 3936 820 4008 lfi
841 3954 959 4028 quanto
980 3960 1109 4005 reuera·

88 4046 216 4109 biliores
236 4056 341 4109 essent
360 4048 445 4127 apud
469 4067 578 4109 omnes
605 4046 821 4120 Christianos,
850 4045 876 4108 si
897 4064 954 4106 eos
977 4045 1112 4104 llomam

90 4147 217 4210 veniens
237 4149 307 4231 quis
328 4147 495 4228 intemplo
515 4147 581 4210 diri
600 4146 688 4210 Petri
708 4144 919 4226 supplicantes
940 4142 1110 4213 inveniret,

88 4265 181 4324 quam
200 4249 289 4329 quod
308 4269 350 4309 ex
367 4251 450 4311 mole
469 4248 622 4311 Hadriani
636 4246 817 4310 bombaulis
831 4248 1017 4309 detonantes
1037 4262 1109 4324 per·

84 4343 275 4409 horremus?
313 4349 377 4411 Ubi
400 4348 550 4412 moneridi
572 4358 645 4410 suut
667 4359 698 4411 et
718 4347 777 4429 ipsi
801 4366 861 4428 per
879 4342 1013 4406 caritatis
1035 4362 1110 4421 sug·
