2632 5086
224 786 270 852 28
541 774 713 850 Misaulus
736 775 919 875 Dialogus.

226 970 487 1052 quemadmodum
507 968 648 1049 Phryges
665 987 737 1027 sero
755 967 877 1046 sapiens
892 966 922 1042 *l
940 965 973 1028 in
992 987 1116 1031 ererum
1133 969 1220 1031 sedili

227 1090 312 1133 casse
331 1091 398 1144 me,
431 1090 466 1129 ae
493 1079 604 1131 ventos
631 1066 763 1128 coluisse
790 1065 927 1140 videam,
958 1077 988 1126 et
1011 1065 1220 1135 illudtanden

228 1168 408 1249 intelligam,
424 1189 515 1250 quiam
529 1188 592 1227 nen
609 1166 690 1229 bene
703 1165 798 1229 vitam
808 1164 1002 1228 instituerim.
1023 1168 1064 1227 At
1077 1177 1108 1227 te
1123 1168 1220 1229 ‹tidce

228 1267 349 1328 interim
370 1291 481 1341 muse,
508 1267 577 1327 vitae
593 1266 641 1341 **)
661 1286 825 1339 securum,
855 1275 887 1325 et
899 1267 967 1339 m)
993 1262 1078 1325 omui
1096 1264 1220 1328 tumulti

228 1366 376 1439 liberum,
398 1389 472 1428 vcra
491 1378 522 1427 et
540 1366 669 1427 honesta
690 1367 832 1444 voluptas
851 1361 989 1425 detinent
1001 1362 1101 1437 ⁴⁸*¹‘*).

562 1530 565 1535 ,
653 1462 805 1527 Castus.

306 1567 459 1646 Egeutcm
478 1584 558 1649 saepe
577 1565 688 1626 multis.

628 1663 798 1726 Illisaulu
807 1685 833 1725 s.

308 1761 567 1827 Contemnentem
585 1762 676 1825 etiam
694 1764 796 1825 mtdta.

459 1938 462 1943 Ι
655 1859 811 1923 Castus.

306 1962 349 2022 At
368 1980 452 2021 nunc
477 1957 590 2039 opinor
605 1959 641 2034 †)
661 1961 833 2041 querende
851 1958 1027 2035 facultates,
1061 1957 1178 2022 deinde
1196 1978 1220 2023 at

233 2056 355 2121 virtutis
375 2056 476 2121 studia
493 2056 703 2130 redeundum,
725 2058 751 2119 si
770 2079 908 2140 unquam
928 2059 1027 2121 liceat.

634 2155 841 2220 Illisaulus.

309 2256 425 2327 Recte,
446 2298 460 2323 ,‚
469 2252 495 2315 si
512 2252 627 2317 liceat.“
665 2256 744 2319 Num
762 2268 797 2326 ut
815 2257 916 2337 parari
935 2267 1051 2339 queant
1071 2257 1133 2331 hie,
1150 2276 1220 2341 ,qiu

235 2354 313 2435 petis
333 2354 513 2425 facultates,
540 2364 592 2413 aut
611 2354 749 2417 laborem
767 2377 831 2417 nou
852 2355 934 2419 feres
954 2368 1006 2430 tu,
1034 2366 1087 2417 aut
1109 2354 1220 2437 indign

147 2466 152 2483 “
234 2456 329 2515 multa
357 2476 422 2516 non
448 2456 623 2519 sustinebis.
676 2456 799 2519 Deinde
824 2476 956 2531 vereor,
987 2474 1027 2516 nc
1052 2456 1170 2519 bonam
1192 2466 1220 2521 tt

235 2565 356 2633 partem
375 2556 525 2637 depravet
545 2557 623 2618 aula.

664 2653 815 2717 Castus.
1172 2724 1176 2731 Ι

311 2753 360 2815 Dc
381 2753 487 2815 labore
507 2752 591 2829 scio,
624 2754 679 2835 qui
698 2755 841 2814 nucleum
855 2753 916 2828 ††)
935 2763 1032 2834 petat,
1061 2752 1092 2814 ei
1110 2773 1220 2821 necess

236 2851 326 2927 l'ore,
347 2863 381 2912 ut
396 2852 518 2934 frangat
535 2873 657 2915 nucem.
688 2855 755 2916 lam
772 2864 873 2915 autem
892 2851 1010 2913 firmior
1026 2850 1100 2913 mihi
1116 2851 1220 2917 videet

238 2971 331 3032 quam
348 2962 383 3011 ut
402 2953 494 3014 ullam
509 2954 636 3032 posthae
654 2974 776 3018 morum
791 2953 823 3013 in
838 2950 929 3033 pejus
945 2952 1220 3027 mutationemffl

238 3051 401 3115 admittam.

634 3153 846 3215 Misaulus.

313 3249 364 3311 Dc
383 3252 551 3317 nucefieri
569 3263 687 3330 potest,
708 3263 742 3311 ut
759 3252 903 3313 nucleum
918 3271 983 3311 non
996 3250 1124 3326 haheat,
1144 3250 1220 3327 cuit

240 3367 312 3408 eum
324 3347 462 3427 periculo
479 3351 603 3413 dentem
614 3350 796 3432 impegeras.
822 3349 916 3430 Quod
929 3350 969 3411 ad
984 3370 1088 3411 mores
1100 3350 1220 3431 pertine

240 3446 340 3508 neseis
358 3469 451 3529 quiam
466 3449 577 3511 blanda
594 3450 688 3530 pestis
708 3452 774 3514 aula
794 3449 847 3524 sit,
874 3460 1087 3530 quantumque
1108 3448 1220 3529 poculis

241 3547 273 3607 hi
299 3547 353 3628 qui
384 3549 444 3607 hoe
469 3569 553 3611 mare
582 3550 712 3627 perflant
740 3549 843 3624 venti,
881 3553 974 3633 quum
1002 3542 1087 3610 nullo
1115 3550 1220 3633 negoti

243 3646 431 3709 dunovcaut.

669 3746 821 3812 Castus.

318 3846 378 3913 Die
398 3847 513 3929 aliquid
532 3849 572 3908 dc
591 3847 691 3909 ventis
711 3847 820 3930 igitur,
840 3858 892 3909 aut
909 3846 935 3909 si
953 3857 1091 3927 prestat,
1111 3846 1220 3929 decet

243 3945 417 4009 victoribus
452 3946 556 4013 aulicis
576 3945 813 4025 ¹interpellatum
846 3968 864 4007 u
893 3968 942 4011 me
972 3965 1150 4009 sennonem
1176 3966 1220 4029 pe

245 4065 378 4126 sequere
398 4045 503 4124 prius,
526 4045 639 4109 deinde
660 4058 760 4111 totum
782 4049 842 4109 hee
860 4068 944 4109 mare
964 4048 1102 4109 absolve.

280 4215 309 4281 ⁶)
328 4227 446 4277 sapiens:
470 4226 572 4282 saulam,
596 4228 628 4270 ut.
664 4215 710 4285 **)
730 4230 807 4272 arten:
832 4226 906 4271 enims
927 4226 1027 4282 plausus.
1063 4216 1124 4283 W)
1148 4232 1196 4272 et:

281 4300 360 4355 *ml
372 4313 500 4354 detinent:
519 4310 616 4355 detinet.
646 4301 677 4367 †)
691 4315 777 4368 entitur
795 4312 924 4365 beigefugt.
953 4306 999 4366 ††)
1013 4313 1146 4355 nucleum:
1166 4322 1180 4356 e
1196 4322 1220 4355 m

283 4394 396 4438 nucleum.
431 4386 495 4454 †††)
512 4398 539 4439 tu
555 4397 624 4449 pejus
642 4400 823 4441 nsututlouem:
843 4395 1034 4441 lmmutstionem.
