2632 5086
400 740 450 823 ad
473 740 664 816 albertum
685 738 844 840 Princip.
869 738 930 816 lib.
1096 751 1168 826 327

142 948 195 1013 tu,
216 937 307 1020 quod
324 935 472 1015 praefatus
490 956 571 998 sum.
609 935 678 998 Jam
701 931 767 997 hac
785 932 866 996 vidit
887 932 945 1019 qm'
967 955 1020 1000 me
1037 934 1120 1017 juvit
1136 937 1169 1001 in
1210 967 1214 983 1

143 1034 324 1111 nonnullis,
355 1038 433 1098 alter
457 1048 531 1099 tuus
558 1033 700 1101 medicus
727 1033 905 1117 Gregorius
934 1031 1087 1118 Coppus,
1112 1038 1171 1102 sed

144 1137 249 1199 obiter
277 1157 350 1198 cum
371 1136 411 1198 ab
432 1137 486 1199 ino
513 1156 719 1219 properarem
742 1134 962 1217 Moguntiam‚
991 1135 1047 1200 ubi
1069 1158 1171 1219 nego·

143 1238 222 1301 tium
240 1248 307 1299 crat
326 1236 411 1300 mihi.
451 1238 548 1318 Quod
567 1235 594 1300 si
613 1235 815 1319 contigisset,
844 1247 921 1300 tunc
944 1235 977 1299 iu
1005 1239 1076 1302 aula
1100 1259 1171 1303 esse

143 1361 194 1404 mc
218 1343 268 1417 (tu
287 1339 321 1399 in
340 1338 520 1403 saxonibus
537 1337 646 1400 aberas
664 1337 765 1411 euim)
784 1335 906 1400 cautius
925 1337 1031 1402 omnia
1045 1351 1174 1404 tractas.

144 1462 265 1514 scmus,
284 1452 317 1501 et
327 1439 503 1504 accuratius
515 1438 692 1503 confectam
706 1460 775 1501 rem
787 1437 1049 1526 exhibuissemus.
1080 1441 1173 1504 Naue

145 1554 309 1624 utcunque
334 1538 471 1615 excidit,
498 1538 577 1600 boni
598 1540 739 1601 consule.
777 1537 850 1622 lpse
870 1539 999 1624 quidem
1022 1543 1172 1632 offerens,

147 1642 222 1728 quia
240 1640 476 1705 saturnalitiam
505 1641 568 1702 hoc
591 1659 679 1700 novo
706 1637 836 1703 ineunte
858 1660 942 1702 anno
962 1661 1076 1704 munus
1102 1661 1173 1706 csse

146 1743 253 1817 volui,
279 1761 397 1807 anuum
420 1740 477 1802 tibi
505 1759 620 1820 precor
644 1737 781 1802 faustum
804 1739 1085 1822 fortunatumque,
1116 1741 1174 1805 sed

146 1841 240 1924 cujus
257 1842 404 1917 fortuna,
422 1840 466 1903 ita
484 1839 541 1902 tibi
559 1859 602 1901 ex
620 1837 724 1902 auimo
743 1840 851 1916 cedat,
871 1850 908 1902 ut
926 1838 1006 1904 citra
1023 1838 1177 1906 invidiam

149 1945 249 2007 fuisse
273 1941 496 2023 comperiatur.
541 1942 623 2002 Vale
647 1939 784 2022 optimc,
817 1939 1017 2023 dignissime,
1042 1938 1174 2023 piaclis·

149 2045 244 2120 sime,
262 2043 396 2109 maxime
409 2043 542 2125 praesul!
571 2061 608 2104 ac
626 2041 683 2104 diu
697 2040 791 2105 nobis
806 2038 973 2107 incolumis
985 2042 1072 2106 esto!
1096 2039 1179 2107 Meu

150 2143 267 2228 guntiae
284 2162 432 2228 suprema
448 2142 593 2225 imposita
614 2162 719 2206 manu.
