2632 5086
383 777 430 849 ad
454 772 645 849 albertum
669 775 828 876 Princip.
855 778 916 853 lib.
1096 792 1169 868 259

139 986 238 1057 grisea
257 971 375 1035 Paulus
395 966 523 1061 Ricius,
552 967 693 1032 auditum
718 968 780 1033 sibi
806 970 846 1034 ab
864 971 1024 1054 Hispano,
1048 975 1112 1065 q⁴ui
1130 976 1166 1040 in

139 1077 241 1139 insula
270 1074 405 1147 fnisset,
437 1070 570 1151 primaru
589 1068 726 1132 nominis
744 1071 892 1150 syllabam
917 1096 984 1136 non
1003 1074 1075 1138 Gua
1094 1096 1170 1160 pro-

140 1176 218 1240 ierri
238 1196 257 1236 a
275 1171 561 1254 Spaguoleusibus,
587 1173 644 1233 sed
664 1171 796 1255 exigere
814 1174 876 1236 hoc
896 1176 999 1256 gentis
1019 1175 1170 1263 linguam,

141 1290 175 1342 ut
196 1296 267 1360 quae
287 1273 373 1336 latini
392 1272 437 1334 sic
455 1273 613 1345 scribant,
649 1271 709 1352 ipsi
729 1294 797 1335 non
823 1292 845 1357 g
872 1274 961 1338 litera
980 1278 1037 1340 sed
1056 1299 1079 1339 u
1099 1299 1172 1342 cum

142 1377 227 1440 ratiti
248 1374 471 1456 pronuntient,
497 1384 532 1434 ut
553 1373 591 1434 sit
608 1370 802 1457 Hostiarum,
831 1376 917 1456 apud
936 1399 993 1440 eos
1013 1358 1172 1458 trisydiaba

138 1480 217 1544 ‘uem
243 1477 368 1550 dictio,
398 1495 465 1535 non
485 1471 669 1553 Guajacum.
714 1473 888 1537 Possumus
916 1488 948 1538 et
975 1481 1172 1562 magnificam

144 1581 278 1662 utiquam
298 1577 409 1638 indere
434 1575 478 1636 illi
506 1576 746 1655 appellationem
772 1577 1037 1658 quemadmodum
1057 1578 1174 1643 Philon

144 1681 303 1752 medicus,
330 1675 591 1757 Alexipharmara
617 1696 673 1735 sua
700 1675 845 1738 Deorum
865 1698 975 1741 marrus
995 1677 1173 1759 appellavit,

146 1804 176 1846 e'
197 1779 293 1842 bodie
315 1776 449 1850 medici,
482 1796 595 1858 magna
621 1776 869 1856 compositiones
896 1799 967 1839 suas
993 1775 1174 1859 jactatione,

146 1892 261 1942 vocant
278 1900 389 1942 manus
410 1875 546 1950 Christi,
567 1874 796 1956 Apostolicon,
825 1875 925 1959 gratia
946 1877 1023 1954 Dei,
1052 1878 1176 1943 antido·

148 1994 217 2045 tunt
230 1980 395 2043 Paulinum
408 2024 416 2053 ,
429 1988 461 2039 ct
474 1977 507 2038 id
523 1996 625 2057 genus
640 1974 862 2056 superstitiose
879 1976 985 2040 inditis
1003 1980 1178 2046 vocabulis.

152 2081 252 2160 Ajuut
277 2099 444 2153 crescere,
479 2098 543 2159 qua
573 2075 658 2155 apud
688 2095 747 2140 nos
779 2075 941 2152 fraxinus,
973 2082 1178 2160 proceritate,

152 2181 296 2244 arborem
315 2190 463 2253 teretem,
491 2196 527 2237 ae
552 2196 651 2238 nuces
676 2175 810 2259 gignere
828 2188 1043 2243 castanearum
1063 2179 1178 2246 fornia.

150 2281 286 2346 Materia
315 2278 385 2361 ejas
412 2277 596 2361 unguinosa
628 2285 688 2337 est.
743 2273 846 2339 Color
874 2278 932 2361 qui
968 2278 1080 2358 buxo,
1122 2280 1180 2345 sed

149 2386 345 2461 nigrescens.
394 2380 504 2461 Atque
528 2376 562 2439 id
590 2376 744 2455 optimum
764 2387 893 2457 putant,
930 2378 963 2439 iu
989 2400 1056 2463 quo
1083 2401 1179 2465 quatu

150 2485 320 2567 plurimum
340 2478 424 2563 nigri
447 2482 517 2542 est!
550 2473 675 2539 Verum
697 2475 740 2537 ita
766 2477 856 2560 quod
881 2476 1023 2542 buxeum
1043 2491 1110 2556 est,
1138 2480 1179 2543 ab

153 2584 302 2668 eoquod
323 2581 450 2662 nigrum
472 2576 598 2652 differt,
638 2587 675 2637 ut
700 2577 762 2638 hoe
787 2577 887 2653 intus,
919 2577 997 2642 ili-ad
1016 2592 1106 2644 extra
1129 2581 1179 2645 sit

153 2690 220 2752 Aut
238 2681 361 2764 planius
384 2679 539 2754 dicendo,
567 2687 603 2739 ut
624 2676 759 2739 medulla
777 2677 904 2760 nigrum
922 2681 972 2743 sit.
1012 2682 1181 2747 Pondere·

155 2784 314 2849 sissinium
326 2791 372 2842 cst
385 2778 487 2861 ipsum
504 2777 634 2859 liguum.
674 2777 786 2861 ltaque
804 2782 888 2842 nulla
902 2780 973 2862 ejus
988 2803 1179 2866 quamquam

156 2881 360 2949 minutissima
378 2900 451 2960 pars
474 2877 507 2940 in
525 2899 607 2960 aqua
631 2875 749 2951 fluitat,
777 2879 835 2949 scd
850 2882 1004 2944 continuo
1024 2883 1180 2966 mergitur

156 3000 190 3048 et
208 2981 350 3045 subsidit.
391 2978 515 3044 Duritie
540 2978 640 3040 robur
659 2996 753 3038 omne
773 2991 913 3058 superat.
954 2982 1039 3045 Tum
1058 2983 1181 3063 praedu.

155 3108 225 3151 rum
247 3095 310 3159 est,
347 3091 500 3161 utquam
518 3077 646 3140 minime
667 3077 742 3140 hiet.
781 3079 896 3161 Neque
912 3069 996 3143 enim
1015 3083 1117 3143 adhuc
1133 3084 1182 3145 vi·

154 3188 274 3259 dimus,
294 3181 383 3265 qttod
403 3178 498 3242 rimas
520 3178 683 3252 traxisset,
713 3178 823 3260 etqui
847 3180 1007 3256 rendunt,
1034 3181 1182 3248 fatiscere

155 3297 280 3369 negant.
319 3282 430 3346 Uritur
443 3302 478 3341 ac
496 3280 726 3352 inflammatur,
747 3278 850 3340 odore
872 3299 937 3341 uon
958 3280 1092 3345 insuavi.
1130 3284 1183 3348 Ab

157 3406 290 3448 accerso
308 3378 429 3466 gumini
442 3380 590 3459 profluit,
616 3379 705 3461 quod
723 3380 866 3443 nondum
881 3380 1012 3457 seimus,
1037 3404 1132 3466 quem
1149 3384 1183 3449 in

158 3507 251 3548 usum
274 3486 374 3546 cedat.
414 3478 609 3562 Subnigrum
634 3488 701 3553 est,
728 3489 760 3549 et
784 3478 886 3542 statim
905 3492 1074 3566 postquam
1097 3484 1183 3549 deci.

160 3586 242 3651 dcrit
263 3584 447 3665 perdurum.
498 3577 621 3643 Cortex
644 3579 729 3640 haud
750 3578 793 3640 ita
820 3580 959 3657 densus,
987 3584 1045 3647 sed
1070 3584 1182 3650 immo-

161 3686 232 3748 dice
252 3686 363 3747 durus.
412 3679 537 3762 Quibus
564 3678 688 3743 indiciis
711 3679 958 3759 animadversis,
988 3685 1058 3747 fieri
1086 3708 1182 3767 possa

161 3786 246 3850 baud
273 3786 396 3859 eredo,
431 3792 466 3845 ut
487 3782 544 3863 qui
571 3780 604 3842 id
629 3782 826 3856 adulterent,
859 3782 974 3847 lateant
998 3799 1184 3867 emptorem.

163 3890 243 3951 Nam
269 3897 305 3947 ut
327 3883 442 3947 coloris
465 3879 675 3943 discemrieulo
700 3880 824 3945 satiatur
849 3882 938 3964 quis,
967 3882 999 3946 in
1026 3905 1092 3968 quo
1117 3908 1184 3951 uno

161 3987 266 4051 omnia
287 3988 351 4049 tac
368 3981 544 4045 convenire
566 3980 725 4061 possunt?
765 3980 972 4064 Pinguemdo
988 3984 1186 4053 resiuaceum

160 4090 310 4174 quiddam
339 4084 491 4167 spirans?
526 4083 653 4166 pondus
676 4083 770 4165 quale
799 4083 877 4145 nulli
897 4096 1050 4164 preterea
1069 4086 1188 4170 ligno?

154 4189 276 4253 deiude
295 4189 358 4251 boc
375 4186 465 4269 quod
487 4185 597 4247 ‹teduit
615 4184 653 4245 ab
672 4182 883 4247 inflammato?
897 4187 953 4249 ,Ει
968 4185 1024 4249 vix
1043 4188 1187 4253 secabitis

159 4287 229 4369 ejus
253 4286 417 4351 durities?
448 4287 490 4346 Et
510 4285 601 4368 qarod
626 4283 658 4348 in
683 4306 766 4368 aqua
789 4286 997 4359 minutissime
1022 4289 1117 4352 etiarn
1138 4289 1187 4353 ia·

161 4392 261 4453 cisum
290 4406 359 4450 uon
383 4387 590 4467 supernatat?
634 4387 677 4447 Et
698 4398 793 4468 sapor
823 4386 880 4470 qui
910 4390 1008 4455 semet
1039 4390 1187 4474 cogniti&
