2632 5086
337 728 396 807 Ad
419 728 603 807 Francisc.
629 728 772 828 Regem
794 702 973 827 Epi'itole.
1069 830 1079 849 1
1102 732 1169 809 ¹29

139 923 259 1007 optimo
287 924 398 986 omnia
424 922 558 987 consilio
588 920 780 999 modereris,
818 943 951 1005 remque
967 906 1008 983 bt
1032 940 1073 985 es
1099 940 1171 1005 (με

142 1029 344 1088 circumstant
366 1036 511 1088 accurate
526 1026 712 1106 perpendas.
744 1022 891 1085 blesam,⁸
908 1022 970 1084 boe
990 1019 1170 1096 lnavirtns,

144 1140 256 1211 tuaque
290 1127 447 1209 dignitas,
488 1139 521 1188 et
551 1147 621 1209 quae
653 1124 903 1206 splendidissima
934 1123 1040 1185 omnia
1072 1122 1112 1184 de
1138 1132 1170 1181 tc

148 1228 318 1308 praedicat,
361 1227 444 1290 sama
477 1236 626 1289 meretur.
671 1225 834 1298 Proinde,
874 1226 1027 1308 qnantum
1057 1223 1091 1284 in
1120 1240 1172 1282 mc

150 1329 216 1402 erit,
249 1350 321 1389 non
338 1329 442 1410 patior
463 1327 588 1411 regium
608 1325 785 1409 fastigium,
814 1324 1016 1404 impurissimi
1036 1322 1177 1385 atllrictu'

147 1429 268 1492 latronis
296 1428 411 1508 pollui.
464 1430 653 1511 Quanquam
681 1428 743 1490 boc
768 1448 830 1505 ego
863 1426 890 1488 si
916 1447 984 1488 non
1015 1425 1171 1497 facerem,

146 1554 211 1610 spes
238 1542 328 1603 erat,
367 1542 530 1612 nunqnam
551 1526 641 1604 lore,
677 1533 710 1589 in
739 1539 877 1589 mentem
904 1527 964 1589 tibi
987 1538 1023 1588 ut
1043 1524 1183 1597 veniat,

145 1633 228 1694 istam
255 1631 395 1714 gloriam
422 1632 478 1692 hac
505 1629 663 1691 infuscare
690 1638 782 1703 nota,
812 1639 844 1689 et
868 1648 905 1690 ea
924 1628 950 1688 si
971 1638 1054 1688 essct
1080 1622 1182 1688 etiam'

144 1734 272 1795 lartrma
304 1743 377 1803 tua,
414 1742 450 1792 ut
474 1732 615 1814 quaedam
638 1742 670 1791 te
702 1727 842 1789 violenta
870 1727 1039 1790 necessitas
1067 1726 1174 1789 amicis

145 1831 423 1916 ‹paulibuscuuquc
438 1830 486 1893 uti
503 1841 647 1912 cogeret,
668 1825 811 1908 experiri
830 1827 936 1890 omnia
952 1829 1059 1901 malle,
1081 1844 1176 1910 quam

145 1936 200 1995 boc
221 1953 301 1993 eum
322 1932 483 1993 nebulone
502 1930 709 1992 commisceri.
755 1930 852 2009 Quod
871 1929 949 2011 lingi
970 1927 1056 1990 enim
1071 1928 1175 1990 scelu's

144 2045 268 2113 potest,
311 2032 401 2115 quod
427 2031 479 2093 ille
504 2043 557 2092 ant
586 2052 653 2093 non
679 2026 839 2092 admisit
828 2048 958 2109 Jam,
949 2041 1001 2091 aut
1028 2027 1075 2105 si,
1108 2046 1175 2111 qno

144 2133 263 2207 tendit,
286 2131 457 2214 aliquando
475 2130 605 2206 exierit,
635 2128 826 2193 admissurus
845 2129 1032 2217 dubitatur?
1047 2130 1077 2205 ¹³)
1110 2130 1177 2195 Aut

146 2234 280 2345 quisita
301 2231 477 2294 oblivisci
468 2230 566 2311 ipsius
587 2231 637 2293 sui
657 2231 808 2305 sustinet,
836 2251 902 2292 non
920 2252 979 2292 rex
1003 2228 1093 2303 dieo,
1123 2234 1180 2291 ant

147 2335 313 2416 princeps,
344 2344 398 2394 ant
412 2331 552 2406 nobilis,
579 2333 636 2394 sed
658 2332 699 2393 de
717 2331 810 2413 plebe
835 2328 946 2404 etiam,
976 2327 1032 2411 qui
1056 2348 1124 2389 nou
1144 2326 1178 2387 in

150 2436 283 2516 aliquam
305 2453 340 2494 se
365 2433 540 2508 horridam,
571 2445 603 2495 et
621 2430 756 2494 maxime
780 2432 936 2493 desertam
959 2430 998 2491 ab
1015 2428 1179 2492 hominum
1247 2440 1250 2445 ⁴

154 2533 314 2598 consortio
342 2531 544 2595 solitudinem
565 2534 749 2596 abstrudere
775 2533 875 2608 malit,
906 2552 1002 2615 quam
1025 2550 1099 2593 cum
1117 2532 1179 2593 hoe

151 2634 344 2708 conflictari,
374 2653 441 2693 non
464 2631 629 2713 simplici
618 2653 682 2713 Jam
705 2635 856 2714 Tyranno
871 2632 921 2710 **)
948 2643 1003 2695 ant
1023 2630 1179 2712 parricida

150 2734 205 2794 sed
232 2733 380 2847 principe
407 2714 584 2796 istiusmodi
605 2733 732 2816 generis
756 2745 787 2796 et
814 2722 993 2817 magistro?
1037 2730 1180 2814 Quodsi

149 2835 228 2896 alins
249 2833 409 2917 quispiam
423 2846 486 2909 est,
505 2834 581 2897 itaa
600 2835 713 2897 mentis
733 2836 861 2898 sanitate
875 2836 995 2897 alienus
1011 2845 1047 2894 ut
1067 2832 1180 2912 possit,

150 2946 182 2996 tn
203 2946 293 2997 certe
318 2946 422 2997 tantus
451 2955 526 3009 rex,
559 2947 662 2997 tantus
688 2935 737 2997 vir
757 2957 823 2997 non
849 2936 958 2997 debes.
1004 2935 1077 2994 Tua
1095 2932 1181 2994 enim

152 3035 256 3097 omnia
276 3035 410 3098 consilia
435 3056 452 3095 a
481 3035 607 3098 virtutis
630 3034 827 3098 aemulatione
855 3033 1056 3116 dependent,
1097 3028 1180 3093 illius

151 3137 181 3197 in
209 3138 372 3199 scelerum
398 3134 504 3198 studio
530 3136 635 3198 defixa
663 3138 807 3198 voluntas
832 3145 889 3197 cst.
940 3135 1014 3195 'l'ua
1031 3132 1065 3195 in
1084 3130 1181 3194 rebus

151 3238 247 3319 longe
267 3235 491 3317 pulcherrimis
507 3247 670 3317 perspecta
689 3247 738 3300 est
751 3236 869 3312 virtus,
891 3235 972 3300 illius
987 3235 1021 3299 in
1036 3232 1181 3316 pessimis

152 3335 352 3400 facinoribus
376 3336 490 3400 enituit
514 3337 744 3400 malevolentia.
794 3338 849 3400 Tu
868 3338 975 3399 hostes
999 3334 1180 3409 debellasti,

152 3439 201 3501 ille
220 3436 343 3498 amicos
362 3436 532 3501 interiecit.
572 3440 625 3501 Tu
645 3439 743 3501 malos
762 3437 875 3515 odisti,
896 3439 945 3501 ille
964 3438 1058 3500 bonis
1081 3436 1183 3498 om'ni·

153 3537 210 3600 bus
227 3537 376 3600 inimicus
397 3548 456 3600 cst.
505 3540 557 3602 Tu
574 3539 756 3624 alienigenis
775 3539 928 3612 devictis,
958 3537 1129 3602 maximum
1149 3534 1184 3598 in

152 3636 321 3701 clementia
340 3647 395 3699 tua
408 3638 588 3718 praesidium
603 3640 773 3724 reliquisti,
793 3641 844 3702 illc
865 3660 958 3716 snos,
978 3641 1063 3701 nulla
1078 3636 1184 3699 habita

153 3737 288 3819 alicujus
311 3738 554 3802 necessitudinis
584 3741 724 3815 ratione,
758 3739 956 3803 omnifariam
979 3751 1012 3802 et
1032 3734 1184 3802 crudelis·

153 3843 231 3901 sime
262 3836 395 3901 adflixit.
451 3839 504 3901 Tu
527 3839 584 3922 qni
605 3841 661 3903 tibi
687 3852 864 3904 nocuerant
888 3853 996 3921 captos
1020 3836 1183 3913 dimisisti,

154 3936 204 3999 ille
221 3937 308 4002 bene
337 3939 378 4001 de
406 3959 442 4003 se
468 3941 597 4003 meritos
626 3940 660 4003 in
685 3941 812 4005 vincula
842 3940 989 4022 conjecit.
1044 3938 1097 4000 'l'n
1128 3936 1186 4023 qui

156 4038 291 4102 exitium
307 4036 410 4102 moliti
423 4037 483 4100 tibi
502 4051 607 4116 erant,
630 4041 784 4118 serrasti,
804 4042 855 4105 ille
875 4039 1024 4125 aquibus
1041 4050 1185 4103 servabis

158 4182 356 4200 —q

190 4262 219 4327 ¹')
238 4270 388 4317 lentatur:
408 4272 476 4317 certe
494 4273 588 4320 sciatur.
632 4264 681 4334 *⁴)
703 4287 753 4320 non
772 4274 948 4327 stnrpltcllam
969 4273 1108 4332 Tyranno:
1137 4284 1186 4321 uon

197 4356 306 4413 tyranno
321 4356 380 4408 lam.

163 4470 234 4524 ttsn.
256 4476 301 4533 op.
321 4478 348 4524 r.
366 4477 407 4526 m.
876 4455 895 4523 9
