2632 5086
576 693 754 794 Epistola.
967 634 978 661 l
1137 710 1182 779 83

154 885 268 947 aulicos
281 887 439 948 hunultua
447 909 456 961 3
476 887 635 970 dignitatis
655 912 730 954 meae
748 890 977 960 incrementum
991 895 1019 957 si
1032 895 1181 971 ambiam

155 985 213 1048 sed
230 996 410 1067 temporum
433 986 540 1068 potius
569 989 785 1054 conditionem
804 1004 836 1055 et
849 995 879 1070 ς’)
907 1014 1107 1057 communem
1123 998 1181 1059 ho·

153 1087 270 1148 minum
283 1108 436 1162 sensum,
464 1100 517 1150 aut
532 1089 638 1171 potius
655 1092 736 1167 hoo,
764 1089 855 1174 quod
872 1111 998 1172 semper
1018 1116 1127 1156 omnes
1144 1115 1180 1158 ae

154 1188 281 1249 maxime
299 1187 499 1265 clarissimo!
517 1190 654 1273 quisque
670 1191 864 1266 factitarunt,
885 1193 1063 1255 considera.
1095 1196 1180 1259 'sunt

152 1289 180 1351 si
207 1291 294 1350 aliam
327 1302 364 1349 tu
392 1299 425 1350 et
455 1291 705 1354 commodiorem
734 1292 829 1355 vitam
862 1294 965 1367 nosti,
999 1294 1179 1373 perscribe,

151 1390 261 1464 edoce,
292 1389 419 1464 indica,
452 1392 533 1452 velle
559 1414 686 1468 aurem,
721 1413 815 1454 manu
837 1393 900 1454 duc
918 1393 958 1454 ad
976 1390 1061 1455 illum
1080 1390 1179 1457 turbis

149 1489 346 1552 haereseum
372 1493 488 1553 locum.
539 1491 623 1553 Mihi
643 1491 789 1573 quidem,
815 1494 868 1554 eui
887 1491 1049 1575 quoddam
1066 1494 1180 1559 diturus

146 1590 190 1653 illa
204 1590 430 1674 peregrinatio
448 1589 589 1671 judicum
605 1591 708 1665 dedit,
733 1591 851 1654 erroris
870 1596 1004 1655 multum
1019 1595 1174 1670 excussit3

143 1690 245 1754 turbis
266 1702 302 1751 et
324 1689 618 1773 inquietudinibus,
647 1702 714 1753 turn
735 1690 859 1755 miseria
881 1712 1013 1774 quoque
1031 1705 1062 1753 et
1082 1715 1176 1757 omne

142 1814 246 1875 genus
276 1790 459 1874 Tragoediis
485 1790 583 1853 mixta
609 1811 645 1852 ae
671 1791 789 1853 referta
812 1791 918 1852 omnia
946 1791 1114 1868 videntur,
1146 1804 1179 1855 et

143 1912 208 1976 quo
225 1913 282 1954 me
303 1912 433 1973 cunque
451 1901 587 1966 vertam,
608 1891 683 1953 nihil
702 1911 849 1953 securum
855 1914 864 1965 3
885 1891 1087 1973 tranquillum
1104 1890 1181 1957 nibil

141 1993 241 2055 video
269 1989 484 2073 propositum.
540 1991 621 2052 Sunt
653 1991 769 2066 officia,
801 2000 874 2053 suut
906 1990 1072 2068 clientelae,
1105 2002 1209 2061 sunt„

140 2093 230 2164 lora,
260 2101 339 2154 suut
358 2101 553 2167 conventus,
582 2101 655 2151 sunt
673 2088 845 2172 obsequia,
877 2103 950 2153 sunt
970 2113 1070 2167 cura,
1104 2078 1201 2155 sunt*-

141 2205 267 2266 moun,
289 2201 365 2253 sunt
381 2191 523 2267 iabores,
553 2201 626 2252 sunt
643 2184 784 2266 fastidia,
812 2201 879 2252 tum
893 2212 1000 2266 casus,
1031 2203 1064 2253 et
1085 2193 1179 2255 undi-

142 2314 209 2375 que
223 2291 392 2355 imminens
410 2291 545 2354 lortunae
563 2288 693 2371 injuria,
716 2310 752 2352 ae
767 2289 872 2352 morbi
891 2302 922 2350 et
938 2291 1077 2354 dolores.
1114 2293 1178 2355 Ne·

144 2393 225 2455 dum
239 2394 309 2454 aula
325 2393 391 2455 istis
405 2399 517 2468 scatet,
538 2414 608 2475 quae
625 2412 687 2472 ego
704 2388 737 2453 iu
753 2391 803 2452 illa
817 2389 948 2471 depinxi
964 2374 1178 2472 navigatione,

148 2493 206 2554 ubi
225 2490 300 2555 mihi
321 2491 425 2555 oratio
440 2491 576 2575 arbitror
591 2492 709 2565 deluit,
736 2512 788 2553 res
806 2511 873 2552 non
891 2488 1008 2552 deluitt
1029 2501 1061 2550 et
1077 2490 1181 2553 adhue
1255 2482 1259 2490 ⁸

144 2593 301 2657 disertum
318 2594 454 2676 aliquem
470 2613 508 2655 ea
523 2592 680 2654 desiderat
699 2592 822 2668 fabula,
851 2591 908 2674 qui
925 2592 1049 2675 plenius
1071 2591 1179 2655 omnia

142 2707 305 2776 exponat,
342 2704 373 2754 et
396 2692 531 2756 sortasse
554 2714 622 2755 rem
644 2677 704 2775 'qui
725 2690 831 2755 verbis
855 2704 968 2774 aequet.
1015 2692 1079 2756 Sed
1099 2690 1178 2756 mibi

146 2796 197 2858 sic
217 2793 357 2868 videtur,
392 2793 469 2855 nihil
493 2814 625 2876 usquam
648 2814 714 2856 non
740 2813 846 2874 reque,
883 2813 918 2853 ac
941 2790 991 2854 illa
1017 2804 1066 2857 eat
1089 2794 1174 2870 aula,

146 2895 373 2961 turbulentum.
414 2895 536 2954 Tamen
556 2894 582 2954 ai
602 2893 680 2975 quid
699 2891 795 2954 habes
813 2893 1029 2973 exploratum,
1050 2913 1175 2975 quaeso,

144 2997 267 3078 prode,
301 3007 527 3069 commonstra;
557 3016 598 3055 ue
618 3005 739 3054 tantum
763 2992 875 3053 isthinc
900 2992 1077 3065 abstrahas,
1109 3011 1177 3055 non

143 3097 255 3181 aliquo
273 3099 394 3172 trahas,
422 3094 463 3157 de
483 3105 538 3156 tuo
556 3093 689 3155 consilio
708 3092 821 3154 faciam
839 3090 954 3152 omnia.
1006 3091 1040 3152 Si
1057 3110 1173 3168 cessas,
1208 3120 1213 3136 ·

144 3210 198 3260 ant
215 3197 244 3260 ai
262 3191 438 3270 cunctaris,
458 3194 590 3256 inclamo
601 3190 612 3268 ,'
629 3192 778 3273 increpo:
807 3211 872 3275 quo
896 3211 947 3253 res
965 3212 1084 3254 summa
1101 3193 1174 3254 loeo

144 3295 328 3360 Bilibalde?
358 3315 452 3378 quam
471 3293 653 3375 prendimus
672 3297 803 3357 arcem?
837 3293 906 3356 Jam
928 3293 968 3353 ab
989 3292 1038 3354 illa
1059 3290 1175 3354 audisti

144 3409 303 3483 quantum
334 3398 519 3459 abhorream
551 3395 652 3456 soluta
681 3392 768 3454 vita?
809 3403 840 3455 et
872 3404 908 3454 ut
935 3411 1030 3475 agere
1053 3389 1174 3474 aliquid

144 3497 390 3582 proposuerim,
423 3495 609 3577 priusquam
634 3493 667 3556 in
689 3493 759 3555 illos
783 3514 834 3556 me
860 3513 1003 3555 secessus
1021 3489 1173 3568 rejiciam·

143 3601 222 3662 Non
241 3598 334 3682 quod
357 3597 391 3659 iu
414 3596 498 3659 diem
517 3595 627 3657 vivere
652 3593 819 3656 decretum
842 3593 898 3667 sit,
928 3602 981 3654 aut
1005 3590 1173 3654 eventibus

147 3721 248 3763 metm
270 3698 367 3761 vitam
389 3698 478 3781 quod
496 3693 689 3769 dediderim,
718 3704 748 3755 et
767 3693 885 3772 impetu
905 3693 1043 3776 quodam
1062 3690 1101 3750 ad
1124 3687 1172 3750 in·

146 3800 354 3874 corraserat,
385 3798 443 3861 sed
463 3797 553 3880 quod
574 3816 612 3857 ea
636 3792 778 3856 nondum
796 3805 902 3874 parata
924 3802 1014 3865 eunt,
1046 3811 1115 3871 quae
1131 3786 1172 3849 ad

146 3902 224 3967 illud
249 3899 427 3983 pertinent,
467 3897 628 3981 aequaliter
652 3893 762 3955 vivere
794 3905 825 3954 et
850 3904 883 3954 ut
911 3890 985 3953 mihi
1016 3899 1169 3951 cons-tem.

144 4004 260 4068 Adbuc
277 4000 362 4065 enim
385 3997 484 4062 omnis
510 3996 641 4080 quietis,
671 3994 788 4056 nedum
807 3991 952 4072 corporis·
975 4011 1011 4050 ac
1030 3988 1167 4064 inertie,

141 4105 193 4169 hic
214 4101 382 4186 impatiens
403 4112 452 4163 est
469 4099 607 4173 murus,
637 4094 780 4159 nondum
799 4115 849 4156 me
869 4089 1000 4167 domui,
1026 4088 1169 4151 nondum

147 4220 317 4240 ...n—nd-

178 4311 330 4379 ⁹)u:u·
