2632 5086
552 736 555 740 “
578 742 750 842 Epistola.
1121 734 1164 825 ld

157 938 273 998 decore
285 935 453 1015 capnion,
472 935 514 997 ita
528 946 561 997 tu
581 933 712 997 civitatis
726 947 786 999 ture
800 926 992 1016 irruentntern
1014 940 1051 1002 ad
1062 959 1166 1021 >quem

157 1040 288 1110 cultum,
305 1058 391 1118 que,
410 1036 464 1098 Dii
484 1036 575 1110 boni,
597 1034 732 1098 sollertia
749 1039 949 1116 perduxisti?
976 1039 1006 1101 id
1027 1040 1114 1123 quod
1133 1039 1166 1101 iu

159 1134 216 1197 illis
241 1136 350 1198 ridere
380 1146 429 1197 est
460 1135 601 1216 cognatis
631 1136 692 1198 tuis
719 1136 888 1213 derideris,
929 1151 983 1200 tuo
1013 1139 1165 1201 beneficio

160 1237 310 1297 Graeceet
327 1235 445 1296 Latine
464 1234 648 1298 scientibus:
669 1235 763 1318 idque
783 1239 913 1316 optime;
934 1245 1014 1324 qnos
1034 1238 1168 1319 primum

158 1337 235 1396 domi
253 1348 316 1396 trrae
339 1335 498 1410 errrdiisti,
516 1335 590 1399 nihil
604 1336 722 1398 veritus
738 1337 832 1398 homo
848 1336 1000 1401 Patricius
1020 1360 1167 1418 proman-

155 1456 216 1497 sum
230 1436 343 1498 cibum
362 1435 397 1496 in
415 1455 472 1496 ore
489 1455 661 1514 puerorum
680 1436 844 1509 instrum
865 1439 978 1500 deinde.
997 1439 1030 1501 in
1051 1440 1166 1502 ltaliam

153 1557 281 1618 quoque
314 1533 438 1596 misisti.
489 1536 584 1614 Quod
619 1535 896 1600 animadvertentes
924 1540 969 1600 tui
999 1541 1101 1614 cives,
1135 1551 1168 1601 ct

151 1636 205 1716 ipsi
225 1646 305 1697 sunt
327 1634 451 1708 imitati,
471 1647 655 1716 argumento
675 1636 728 1697 obs
747 1648 779 1696 te
798 1648 939 1716 sumpto,
960 1650 1108 1719 quantum
1127 1638 1167 1719 sit

148 1748 272 1799 rectum
299 1734 438 1806 instinxi,
468 1745 552 1795 recte
580 1735 711 1798 discere.
768 1737 809 1797 Et
840 1735 930 1796 focile
955 1740 1016 1798 hoc
1043 1736 1099 1797 tibi
1126 1757 1166 1797 cx

147 1836 321 1917 proposito
342 1836 453 1911 cessit,
482 1838 533 1897 cui
552 1839 604 1898 rel
625 1836 755 1916 primam
774 1854 835 1917 ego
854 1836 1031 1897 felicitatem
1052 1835 1168 1898 adscri-

146 1936 206 2010 bo,
244 1936 340 2017 ‘prod
365 1934 398 1996 iu
423 1956 460 1996 ea
491 1936 615 1998 civitate
642 1946 730 1997 natus
759 1935 817 2009 sis,
857 1957 925 2017 que
946 1938 1086 1999 omnium
1110 1954 1169 2018 per

146 2034 356 2096 Germaniam
387 2035 543 2097 civitatum
578 2036 709 2097 maxime
744 2036 835 2097 bonis
871 2036 1003 2114 primum
1033 2036 1167 2118 ingeniis

143 2135 325 2208 exuberet,
367 2154 402 2198 oe
432 2137 611 2213 perenniter
641 2146 750 2206 scatet,
787 2136 900 2197 deiude
933 2137 1087 2197 honorem
1119 2134 1167 2196 uis

142 2236 259 2307 hebet,
291 2254 329 2295 ac
353 2235 552 2318 singulariter
578 2258 652 2317 erga
678 2237 808 2316 optimas
836 2256 977 2317 qumque
1005 2247 1084 2297 nites
1113 2236 1166 2296 nd·

142 2336 232 2396 iectu
252 2333 331 2409 tuit,
352 2345 384 2396 et
398 2335 453 2397 diu
473 2333 534 2414 jem
553 2339 619 2398 sela
636 2356 671 2396 ac
688 2337 782 2398 unice
795 2335 865 2397 luit.
903 2338 982 2396 Nam
996 2347 1026 2396 ot
1044 2346 1168 2412 patrum

144 2446 336 2497 nostrorum
355 2436 503 2498 memorie
521 2436 729 2499 JOANNEM
749 2436 808 2497 DE
830 2434 988 2497 MONTE
1010 2432 1166 2508 luceto,

148 2554 257 2597 meum
283 2535 386 2595 ciuem
405 2538 506 2614 (eum,
535 2537 590 2618 qui
607 2548 642 2597 ut
661 2536 693 2596 in
713 2534 947 2597 ltlntlrrnmticcs
966 2533 1167 2617 cognitione,

144 2634 291 2698 unanimi
314 2635 452 2697 emnium
471 2656 642 2710 consensu,
662 2637 724 2717 ipsi
743 2637 923 2699 Archimedi
942 2640 1070 2718 palrunm
1089 2659 1167 2716 pru·

145 2734 270 2812 tinuit,
295 2734 337 2795 ita
361 2734 444 2797 inter
462 2736 579 2816 primos
599 2734 693 2816 hujus
711 2736 830 2809 soeculi,
859 2757 922 2796 tion
942 2738 1014 2799 dico
1037 2731 1167 2798 Gentia-

149 2854 237 2907 ηοω,
269 2835 322 2895 red
349 2835 488 2906 emnium
511 2836 681 2898 universim
706 2837 865 2898 nationum
891 2835 978 2911 dico,
1011 2836 1065 2897 rix
1092 2838 1168 2900 dnm

146 2932 381 3016 respirantibus
400 2946 474 2996 tunc
492 2935 602 3010 literis,
631 2947 760 3015 puroet
781 2922 856 2995 citro
875 2935 984 2996 vitium
1004 2936 1112 2996 Graecc
1132 2954 1168 2997 nc

145 3035 249 3096 turine
272 3042 306 3094 et
332 3036 456 3098 locutus
486 3047 549 3108 est,
584 3046 615 3095 ct
640 3033 793 3115 scripsit)
823 3035 1055 3098 caecutientibus
1082 3035 1167 3112 aliis,

142 3155 209 3197 nec
252 3134 386 3197 heminis
421 3133 567 3200 virtutem
607 3133 865 3215 agnoscentibus,
907 3136 972 3196 sola
1009 3134 1167 3214 suspexit,

140 3234 312 3314 stipendio
331 3245 498 3314 prosecuta
518 3246 583 3307 cst,
608 3234 732 3295 civitate
757 3233 897 3298 donavit.
935 3236 977 3296 Et
996 3233 1168 3317 superiori·

142 3335 210 3396 bns
244 3332 332 3394 aunis
360 3331 644 3398 CHUNllADUM
675 3332 850 3396 CELTlttl
880 3345 1024 3414 poetam,
1056 3335 1167 3416 ignote

142 3446 229 3496 tunc
250 3432 283 3494 in
301 3433 468 3498 Gennanie
485 3445 585 3513 poeto
606 3433 778 3508 vocabulo,
797 3434 971 3496 honorilice
991 3434 1113 3510 imbuit,
1133 3445 1169 3497 et

142 3532 286 3614 pecunia
312 3530 415 3609 jovin
446 3533 589 3616 aliosque
616 3535 792 3612 complures
819 3547 1002 3596 reverenter
1031 3534 1166 3612 occepit,

144 3645 180 3693 ct
210 3631 380 3694 liberaliter
407 3632 497 3694 ierit.
556 3632 592 3693 Id
624 3634 712 3714 quod
738 3654 799 3715 ego
826 3631 878 3696 isti
909 3634 992 3714 aprrd
1022 3635 1168 3696 Venetos

146 3732 265 3814 adagio
288 3735 393 3794 locum
416 3733 554 3807 dedisse,
588 3733 739 3795 arbitror:
764 3753 872 3819 omues
891 3733 962 3793 alins
984 3733 1014 3793 in
1035 3734 1165 3794 Germe·
1236 3787 1242 3797 .

145 3831 204 3894 nia
224 3831 366 3893 civitates
386 3833 545 3905 cecutire,
571 3854 665 3893 unum
693 3834 794 3894 adlme
811 3832 1049 3909 Norimbcrgum
1069 3835 1166 3894 altero

148 3931 263 3993 ridere
283 3933 388 3994 cerdo.
426 3932 477 3995 sie
497 3931 579 3994 euim
600 3932 707 3992 dicunt
723 3931 782 4007 illi,
800 3933 867 3993 sive
879 3933 921 3993 nb
935 3935 1013 3994 lunc
1032 3952 1165 4009 causum,

144 4032 221 4098 cive
240 4034 330 4114 quod
355 4031 452 4096 vestri
476 4033 617 4095 homines
642 4031 841 4115 ingeniorum
861 4032 1019 4107 acrimine,
1048 4050 1084 4094 ac
1103 4033 1166 4094 ciu-

144 4131 251 4215 gulari
286 4133 424 4214 quartam
452 4138 522 4194 ante
559 4153 667 4195 onmes
698 4131 848 4194 industrie
883 4131 961 4194 mire
991 4133 1165 4208 excellunt;

146 4233 240 4314 qnod
253 4234 304 4292 vel
321 4232 357 4293 in
371 4232 413 4296 iis
423 4232 453 4308 *J
473 4232 626 4308 arriduit,
647 4254 716 4317 qttae
730 4243 827 4296 nauti·
836 4241 1041 4307 exercentur,
1056 4232 1165 4300 viden

142 4353 343 4370 m

181 4410 213 4486 ⁸)
230 4423 281 4466 ur:
301 4415 350 4466 lris.
