2632 5086
387 728 434 802 ed
463 726 654 802 Albertum
680 723 840 826 Princip.
864 727 925 805 lib.
1097 732 1167 803 sat

146 927 311 1002 viventes,
338 921 508 987 Cursicum
535 920 664 997 bibant,
693 928 726 984 et
749 919 790 984 ab
821 919 905 987 tntis
931 922 1030 1004 petita
1054 918 1172 987 cibaria

145 1029 321 1100 insumant,
349 1035 459 1090 contra
486 1025 596 1086 Rornae
623 1021 753 1104 quando
779 1034 869 1099 sunt,
898 1043 940 1088 eo
970 1023 1060 1107 qtrod
1087 1020 1173 1105 apud

144 1114 291 1192 Rhenum
312 1126 467 1200 irascitur,
487 1136 540 1187 ant
558 1125 648 1207 qnod
664 1123 824 1187 Neccarus
839 1124 958 1208 gignit,
982 1125 1060 1187 vino
1078 1134 1173 1187 utun·

143 1238 204 1292 tur.
246 1229 277 1291 0
293 1246 474 1308 perversam
494 1224 624 1287 vivendi
637 1224 921 1298 consuetudinem!
961 1226 1076 1290 osen
1094 1223 1173 1291 odio

144 1319 287 1411 digndm!
313 1329 363 1389 vel
382 1326 502 1389 idcirco
522 1324 621 1407 magis
641 1326 730 1407 quod
749 1325 893 1409 episcopi
911 1343 1000 1405 sunt,
1020 1326 1078 1412 qui
1095 1326 1173 1391 taei-

144 1431 292 1503 antina,
333 1429 441 1511 quales
467 1448 530 1510 ego
549 1425 690 1489 homines
710 1430 727 1488 a
750 1427 820 1491 Diis
846 1429 1073 1494 immortalibus
1100 1449 1174 1495 cum

143 1534 323 1603 Philoxeno
352 1529 424 1603 illo,
452 1540 489 1590 ut
508 1539 557 1593 est
579 1527 663 1610 apud
681 1528 905 1609 Aristotelem,
935 1543 1044 1614 optare
1062 1532 1173 1607 credo,

143 1637 259 1696 eollnm
291 1630 380 1713 gruis
419 1627 487 1693 dari
523 1631 593 1693 sibi.
646 1629 873 1711 Aristophanes
904 1634 1174 1710 Syracusanorum

142 1756 282 1807 mensas,
304 1743 337 1794 et
355 1733 568 1811 Sybaritarum
582 1733 677 1793 luxus
695 1743 801 1808 notat,
814 1733 1029 1814 suggerebant
1041 1733 1102 1795 hoc
1116 1752 1176 1796 sua

144 1837 188 1898 illi
204 1846 358 1914 tempora.
397 1835 441 1896 At
457 1851 542 1895 nunc
565 1832 649 1894 idem
669 1829 721 1893 ille
740 1831 768 1894 si
793 1832 897 1911 vivat,
919 1854 985 1917 qno
1009 1853 1085 1912 ore,
1105 1854 1172 1921 quo

146 1933 277 2016 ingenio
296 1933 368 1996 satis
380 1932 439 1997 ista
465 1934 593 2012 culpare
613 1931 713 2013 possit
733 1943 840 1995 nostra
863 1934 1011 2015 prandia,
1035 1947 1175 1999 nostram

146 2034 333 2116 ingluviem,
355 2045 478 2097 nostras
491 2031 767 2113 compotationes?
791 2033 1173 2117 Andiantigituromnes‚

147 2137 204 2219 qui
231 2134 399 2197 virtutibus
424 2134 583 2198 excellcre
608 2133 742 2208 volunt,
771 2144 804 2193 et
824 2134 958 2218 ingenio
989 2135 1047 2219 qui
1062 2139 1176 2200 volunt

146 2237 357 2315 Pythagoram
381 2235 557 2309 dicentem,
577 2233 736 2299 hominem
755 2254 796 2296 ex
812 2234 958 2311 homine,
986 2236 1063 2301 nihil
1080 2240 1175 2301 altum

145 2338 305 2420 cogitare,
326 2336 359 2399 id
375 2347 423 2398 est
437 2334 685 2398 incontinentem
703 2348 735 2398 et
752 2337 831 2398 luxu
845 2337 1050 2413 dissolutum,
1070 2338 1174 2401 donec

145 2438 274 2522 apsidem
292 2437 324 2498 in
339 2458 377 2499 ca
389 2437 454 2499 vita
468 2438 525 2510 sit,
540 2434 615 2497 nihil
631 2456 726 2515 posse
740 2436 889 2517 ingenio,
905 2436 981 2500 nihil
998 2437 1103 2501 animo
1115 2438 1173 2501 uti.

144 2539 278 2609 Homini
298 2537 390 2600 cibus
415 2536 598 2600 utilissimus
621 2548 692 2613 cst,
726 2537 830 2623 inquit
852 2536 992 2615 Plinius,
1023 2538 1174 2620 simplex,

146 2638 308 2701 acervatio
322 2657 471 2717 saporam
486 2635 653 2717 pestifera,
670 2649 702 2699 et
715 2638 918 2705 condimenta
934 2636 1175 2722 penticiosiore.

151 2741 229 2803 Haec
249 2737 380 2801 Persius
399 2736 572 2813 intellexit,
593 2758 665 2800 eum
684 2737 729 2801 sic
748 2739 933 2802 frenderet:

218 2848 333 2905 Poscis
349 2863 438 2919 opem
451 2850 575 2917 nervis,
593 2865 767 2922 corpusque
777 2848 877 2915 fidele
893 2857 1039 2918 sensate,

214 2951 296 3005 Esto
315 2965 376 3052 ape
384 2989 395 3018 ,
411 2949 467 3005 sed
481 2952 622 3025 prandes
638 2952 777 3021 patine,
794 2957 957 3021 tacereque
974 2964 1088 3006 crassa

213 3052 382 3120 Adnuere,
407 3049 460 3105 his
476 3053 772 3121 supermanans,
801 3050 972 3122 donataque
991 3055 1171 3111 morantur.

144 3150 243 3233 Apud
263 3148 455 3214 Ciceronem
480 3147 564 3213 Cato
592 3149 717 3233 inquit:
755 3148 942 3210 Libidinosa
961 3159 995 3209 et
1020 3147 1172 3229 intempe-

142 3264 209 3313 rata
234 3249 466 3323 adolescentia,
493 3251 633 3313 ettoerum
652 3270 769 3332 corpus
787 3249 944 3312 senectuti
961 3248 1076 3313 reddit.
1113 3251 1174 3313 Aa·

145 3371 210 3435 que
229 3352 312 3413 idem
332 3351 460 3426 suadet,
480 3360 600 3413 tantum
615 3350 677 3413 cibi
696 3363 728 3413 et
746 3351 886 3432 potionis
908 3350 1122 3414 adhibendum
1137 3358 1174 3413 ut

145 3451 327 3515 reliciantur
345 3450 447 3526 vires,
469 3473 536 3515 non
554 3463 591 3514 ut
604 3452 839 3536 opprimantur,
855 3472 893 3515 ac
909 3451 1045 3516 hominis
1064 3451 1171 3528 menti,

149 3550 239 3633 quod
265 3551 405 3615 divinum
431 3572 546 3615 munus
572 3575 609 3615 ae
635 3556 756 3617 donum
781 3564 891 3630 cocat,
922 3554 999 3617 nihil
1016 3565 1078 3616 tam
1101 3572 1174 3619 em

148 3651 308 3715 inimicum
341 3673 437 3736 qnam
462 3655 656 3739 voluptatem
683 3667 781 3735 putat.
832 3656 900 3716 ttec
928 3654 1013 3717 enim
1040 3653 1173 3719 libidine

149 3753 348 3833 dominante,
367 3755 578 3834 temperantias
596 3757 701 3816 locum
722 3774 810 3829 esse,
830 3773 891 3816 nec
911 3755 1042 3818 omnino
1061 3756 1095 3817 in
1113 3774 1172 3817 vo·

146 3853 274 3935 luptatis
303 3875 405 3937 regno
430 3854 581 3916 virtutem
605 3874 700 3933 posse
731 3853 916 3919 consistere.
954 3856 1174 3940 Magnumquq

145 3953 323 4022 habendam
340 3954 497 4019 senectuti
513 3954 644 4037 gratiam
661 3966 786 4030 censet,
808 3976 877 4038 qua
894 3956 1036 4018 effecerit
1053 3967 1089 4017 ut
1105 3974 1180 4031 non,

144 4055 277 4131 liberet,
297 4057 386 4141 quod
400 4076 467 4120 non
482 4067 656 4137 oporteret.
685 4055 820 4139 tmpeoit
833 4055 933 4133 enirn,
953 4055 1073 4141 inquit,
1093 4076 1172 4120 con·

146 4156 252 4219 siliunt
270 4160 436 4239 voluptas,
469 4155 584 4218 rationi
610 4154 756 4231 inimica,
787 4174 824 4218 ae
850 4156 963 4221 mentia
989 4156 1173 4241 perstringit

147 4259 282 4333 oculos,
326 4277 388 4319 nec
421 4256 515 4319 hahet
547 4257 644 4318 ullum
675 4275 748 4319 eum
782 4256 900 4322 virtute
936 4259 1171 4321 commercium.

147 4353 315 4451 igiturque
330 4356 420 4421 bene
435 4376 508 4420 cum
522 4355 650 4420 senibus
664 4357 717 4440 agi
729 4366 834 4440 putet,
853 4357 944 4441 quod
957 4378 1030 4424 cum
1046 4370 1173 4424 careant
