2632 5086
335 34 355 55 ..Ι
409 34 416 61 ,Ι

305 33 1197 357 m

148 764 195 841 ts
408 724 415 737 ⁹
460 759 631 835 Misaulus
653 759 837 861 Dialogus.

148 967 238 1019 turus
248 953 295 1031 ⁸),
315 963 347 1017 et
363 963 468 1016 vestes
485 949 579 1013 babet
590 948 778 1031 discolores,
797 974 835 1029 ao
850 973 908 1037 per
925 956 1030 1021 omnia
1045 959 1158 1039 piem,
1187 992 1195 1007 .

94 1050 104 1069 ‘'
147 1054 244 1139 magis
263 1053 358 1117 etim
374 1073 468 1133 quam
488 1050 589 1130 pictus
610 1064 657 1113 est
675 1054 773 1134 gallus
797 1054 1003 1139 gallinaceus,
1028 1058 1160 1140 triginta

134 1156 328 1240 'gallinarum
358 1151 502 1226 maritus,
536 1171 609 1213 cum
639 1150 813 1216 istiusmodi
844 1155 1045 1219 Throaobum
1073 1178 1159 1221 ursus

148 1277 213 1321 non
230 1253 359 1317 sufficiat
375 1252 415 1313 ad
434 1250 622 1331 explendum
641 1253 734 1315 turtius
751 1254 937 1317 mulierculae
954 1255 1158 1321 desiderium.

146 1358 270 1427 Scilicet
295 1354 421 1415 athletas
446 1351 549 1412 bonos
572 1364 678 1414 ament
706 1354 882 1435 principes,
916 1376 1037 1419 crassos
1066 1356 1158 1433 istos,

145 1460 298 1541 pingues,
337 1464 370 1515 et
394 1462 541 1525 torosos;
579 1452 646 1514 illos
678 1473 756 1515 vero
791 1455 991 1532 macilentos,
1029 1458 1157 1531 breves,

146 1557 299 1641 graciles,
336 1551 525 1633 subpallidus
556 1573 593 1613 ac
611 1562 750 1630 tenues,
784 1575 963 1638 quanquam
992 1556 1159 1637 prudentia

146 1659 231 1725 iorte
250 1665 282 1719 el
300 1652 430 1715 consilio
450 1652 552 1713 valent
567 1653 633 1727 ue),
652 1674 718 1714 non
736 1654 903 1717 sdrnodm
923 1667 1043 1719 curant.
1072 1657 1159 1737 Quia

145 1778 215 1825 nnn
240 1766 307 1831 ut,
345 1751 507 1834 inquiunt,
549 1752 631 1814 berre
662 1765 847 1833 personatus
879 1756 948 1817 iste.
1000 1759 1045 1821 At
1076 1777 1158 1821 vero

143 1844 278 1937 baffi)
289 1853 431 1939 gigantes
447 1852 480 1915 in
496 1851 671 1914 satellitium
688 1853 764 1917 eitra
780 1856 1010 1920 cunctationem
1022 1856 1158 1919 libenter

145 1966 329 2037 admmunt',
367 1974 403 2017 ao
428 1957 503 2016 tales
528 1952 589 2015 sibi
619 1955 757 2032 gaudent
790 1975 860 2019 esse
889 1956 1157 2033 ariteembulouea,

146 2083 177 2135 et
201 2075 379 2129 sectatores.
428 2057 622 2136 Quamquam
650 2053 751 2117 minus
781 2055 821 2117 sit
847 2076 914 2117 non
941 2076 1104 2137 nunquam
1122 2056 1162 2133 iu¹

147 2167 301 2252 aliquibus
321 2156 459 2231 cerebri,
490 2175 584 2239 quam
606 2154 639 2215 in
667 2154 766 2217 culice
791 2155 962 2237 sanguinis.
1001 2156 1159 2221 Nimirum

145 2272 207 2334 boo
223 2262 373 2327 comitatu
396 2256 519 2319 abunde
539 2263 666 2316 ornatos
685 2274 735 2330 se,
765 2253 857 2317 ctiam
880 2254 907 2317 si
931 2256 1014 2317 nulla
1031 2255 1073 2319 sit
1087 2257 1156 2333 ¹uir·

60 2370 65 2383 '
146 2368 221 2433 tutis
238 2385 279 2426 ne
297 2358 450 2441 cogitatio
469 2354 611 2439 quidem,
630 2364 783 2435 putantes.
817 2356 935 2417 Praeter
954 2376 1036 2439 quos
1054 2356 1157 2438 capita

146 2468 300 2534 extollunt
329 2458 504 2522 adulatores
537 2475 618 2538 quos
651 2453 742 2529 dixi,
783 2453 898 2517 relictis
929 2468 1000 2536 post
1032 2466 1159 2540 tergum

144 2569 257 2642 bonis,
286 2577 318 2625 et
342 2563 526 2641 plerumque
549 2553 750 2636 pauperibus.
788 2555 868 2617 Nam
886 2566 921 2616 ut
939 2555 1039 2632 nosti,
1071 2556 1158 2619 balad

143 2669 237 2734 lacile
263 2668 443 2741 emergunt,
476 2676 613 2739 qaorum
637 2652 804 2716 virtutibus
829 2653 930 2715 obstat
953 2677 1005 2719 res
1024 2668 1159 2740 angmla

146 2765 242 2832 domi.
290 2765 396 2842 Atque
422 2756 570 2830 bisunt,
608 2773 744 2836 quorum
768 2755 832 2816 haec
860 2754 932 2815 Ilias
963 2776 1063 2837 capax
1092 2769 1157 2841 ost,¹

147 2890 216 2954 que
247 2858 365 2943 alioqui
398 2857 563 2920 suillorum
595 2873 706 2935 regum
736 2864 767 2915 et
798 2856 987 2934 populorum
1017 2857 1159 2919 continet

148 2980 250 3035 arms.
294 2958 391 3042 Quod
417 2953 637 3035 intelligentem
664 2952 862 3015 remitterem
881 2965 1022 3035 oportet,
1054 2956 1159 3037 prius-

148 3090 243 3157 quam
267 3056 486 3147 aggredietur,
505 3073 546 3114 an
562 3062 651 3131 aptus
672 3051 712 3113 sit
731 3053 796 3113 bec
816 3052 905 3115 obire
923 3055 1039 3116 munia.
1079 3058 1157 3143 bam

148 3182 259 3253 pater
285 3184 338 3237 ea,
369 3179 438 3241 qun
457 3153 544 3227 dixi,
574 3150 651 3234 quid
670 3150 702 3211 iu
721 3152 969 3215 anteferendum
986 3155 1047 3229 sit,
1081 3156 1159 3217 nibil

151 3284 181 3334 te
204 3264 338 3335 celabo;
373 3278 408 3319 ae
434 3254 566 3334 primum
594 3250 749 3326 omnium,
780 3254 868 3334 quod
896 3254 937 3314 de
966 3253 1157 3317 immunitate

152 3366 272 3439 dixisti,
308 3380 376 3441 quo
404 3362 510 3435 postet
540 3350 575 3411 in
598 3351 655 3412 bac
682 3350 832 3413 seruitute
860 3351 1033 3415 immunitas
1065 3352 1158 3417 esse?

153 3474 254 3552 Quium
271 3462 436 3525 molestum
458 3460 645 3524 celantem,
672 3469 708 3510 ec
726 3449 904 3531 indignum,
930 3450 1033 3512 omnia
1056 3452 1159 3515 bumi-

154 3572 242 3641 lier,
274 3557 376 3623 omitia
402 3549 571 3623 submisse,
606 3560 636 3608 et
663 3546 783 3628 abjecte
811 3549 940 3611 tacere?
978 3552 1057 3613 Nam
1085 3572 1159 3617 cum

155 3667 281 3732 omnino
302 3655 434 3719 servitus
453 3650 493 3714 sil
511 3649 608 3711 aulica
626 3648 708 3722 rita,
737 3668 795 3708 neo
814 3649 900 3709 aliam
919 3650 1160 3730 appellationem

156 3766 272 3847 capiat,
290 3776 384 3838 quom
399 3773 436 3814 en
454 3772 523 3833 quae
541 3748 659 3809 faciunt
674 3747 806 3828 emptitii
821 3748 877 3823 illi,
899 3750 1025 3831 quando
1041 3771 1160 3815 nomen

157 3864 239 3930 lund
258 3854 442 3936 effugimus,
472 3851 503 3911 in
528 3868 563 3910 re
588 3846 653 3927 ipse
677 3846 820 3908 solatium
845 3850 1017 3927 repositum
1041 3852 1161 3913 bebere

159 3961 366 4028 debebamus,
400 3962 435 4012 ut
458 3958 541 4013 esset
565 3947 629 4008 brec
651 3945 766 4007 seilicet
783 3947 915 4011 liberalis
934 3949 1080 4012 servitus.
1114 3951 1184 4021 At,

160 4082 224 4125 non
249 4065 359 4137 putant
380 4071 464 4114 nunc
489 4047 663 4129 principes,
688 4045 816 4128 aliquod
841 4068 909 4111 esse
934 4048 1014 4111 inter
1037 4070 1096 4125 ae,
1129 4060 1164 4115 et

162 4194 321 4212 Μ

195 4282 224 4347 ⁸)
242 4291 438 4353 depuynoturust
462 4282 610 4341 puroet-rur
652 4272 696 4339 ⁸⁸)
712 4285 812 4329 volem:
835 4279 937 4327 vileant.
971 4270 1030 4340 ⁴⁶⁸>
1047 4281 1086 4329 At
1101 4284 1165 4333 Um

196 4376 254 4422 loa:
277 4376 307 4417 At
326 4375 377 4417 tor.
