2632 5086
481 740 488 755 '
527 786 530 793 .
562 719 733 816 Epistola.
1105 738 1149 806 99

140 912 182 974 nt
204 930 332 1017 prem
357 912 449 974 facile
474 923 649 974 contactum
675 913 791 976 offendi
817 912 931 991 solitis,
962 915 1156 1004 objicientiu-

143 1026 243 1093 nugi.
277 1014 371 1075 Male
391 1017 565 1076 consisitunt
585 1014 643 1075 erit
661 1015 810 1078 Hutteno.
849 1016 921 1077 Heu
941 1016 1031 1077 mihi!
1056 1015 1146 1097 perii,

146 1121 244 1172 ectum
258 1112 372 1173 estl'
362 1134 424 1191 Jarn
447 1114 480 1175 in
505 1114 649 1175 articulos
670 1113 752 1175 istud
771 1113 844 1174 mihi
868 1113 949 1175 redit
973 1114 1145 1194 negotium,
1248 1114 1257 1135 ⁶

146 1210 218 1269 unii
230 1211 409 1272 eonstiterit
423 1214 483 1275 hoc
498 1214 626 1294 nugari!
647 1213 774 1275 consule
791 1213 824 1272 in
840 1212 974 1273 medium
986 1213 1145 1276 Bilibalde.

146 1308 250 1369 Amico
265 1331 351 1389 opus
362 1321 424 1386 est,
442 1315 620 1374 consultore
631 1332 721 1391 opus.
750 1310 864 1374 Eckius
876 1312 1025 1392 proscidit
1037 1312 1145 1375 ento-

146 1409 275 1471 stadium
291 1412 341 1485 ⁰),
373 1411 473 1472 civem
495 1432 613 1487 meum,
645 1411 779 1490 probum
800 1412 1013 1497 Theologum,
1043 1411 1145 1473 eidem

148 1526 212 1568 eum
231 1509 449 1573 LU'lHERO
468 1510 582 1573 bellurn
602 1521 666 1583 est3
699 1511 838 1571 Luthero
857 1531 926 1572 cum
945 1510 1055 1571 multis.
1094 1512 1144 1571 En

150 1606 228 1667 viros
255 1610 461 1691 Theologos,
495 1609 631 1692 impactis
659 1620 766 1670 mutuo
792 1609 933 1689 genuinis
958 1631 993 1675 se
1016 1629 1144 1671 concer-

151 1720 313 1784 perirest
300 1710 403 1772 Multa
426 1712 588 1772 Erosnrum
614 1721 720 1772 monet
742 1707 879 1781 Ecltius,
911 1708 949 1768 ad
974 1704 1063 1791 quod
1082 1709 1142 1780 ille,

157 1806 224 1886 mrid
246 1808 365 1871 laceret
391 1810 472 1871 aliud
501 1809 608 1871 euim?
654 1813 816 1873 Erasmum
842 1819 971 1890 praestat.
1022 1805 1143 1868 Nudius

159 1907 255 1969 tertius
281 1911 382 1970 alvum
405 1909 477 1970 mihi
500 1910 659 1971 duxerunt
678 1907 814 1982 Medici,
845 1908 870 1969 is
897 1907 1047 1969 curationi
1071 1906 1143 1967 huic

163 2007 301 2084 colophon
327 2008 518 2088 imponitur,
557 2021 664 2088 postea
695 2008 776 2070 eninr
807 2012 860 2070 aefr
889 2007 1077 2082 admittitur,
1112 2018 1142 2066 et

167 2102 272 2179 riuum,
299 2109 353 2169 sed
370 2108 493 2170 nonnisi
512 2109 599 2170 valde
618 2108 765 2185 dilutum,
790 2108 938 2181 sumitur3
962 2106 1141 2187 largiusque

171 2207 307 2279 nntium
325 2206 510 2288 apponitur,
541 2228 716 2290 quanquam
735 2207 921 2289 aliquantum
940 2207 1038 2267 adhuc
1062 2204 1142 2265 intra

174 2301 261 2365 erlend
277 2306 427 2369 aviditatis
445 2307 595 2368 terminos
616 2307 828 2380 continemur3
861 2327 901 2366 ne
927 2305 995 2386 quis
1014 2303 1141 2365 uberius
1215 2320 1220 2327 ’

179 2408 368 2482 sepsutw).
406 2406 663 2486 Occolampadius
682 2409 812 2468 salutare
831 2416 861 2466 te
881 2402 980 2483 jussit.
1024 2401 1140 2476 Credo,
1194 2480 1197 2489 ⁸
1243 2444 1246 2449 -

183 2503 395 2568 concionatorem
419 2517 490 2589 aget
512 2507 572 2567 hic.
625 2503 893 2568 GUlLlELMUS
927 2500 1139 2575 BUDAEUS,

179 2599 293 2665 mltum
319 2605 350 2667 in
371 2606 467 2667 Gallia
492 2604 706 2679 doctissimus,
737 2606 899 2666 doctorum
921 2600 1138 2675 nobilissimus,

179 2696 356 2767 mutationes
377 2704 408 2766 in
429 2705 597 2767 Pandectas
620 2702 828 2784 prosequitur.
866 2701 986 2762 Exsilui
1013 2699 1138 2782 gaudio,

181 2797 355 2865 teintelleeta.
386 2805 469 2866 Eece
485 2803 540 2864 tibi
559 2805 638 2864 duos
658 2803 765 2864 eadem
782 2812 959 2882 tempestate
976 2800 1139 2872 Hercules,

180 2893 424 2966 notissimarum
449 2905 665 2986 profligatores
692 2903 843 2980 pestium,
876 2903 945 2976 καὶ,
977 2900 1010 2960 dr
1033 2899 1136 2968 εἰπεῖν,

178 2999 421 3081 «desuadeas,
439 3004 586 3065 Budaeum
598 3016 627 3064 et
637 3006 814 3065 Erasmum:
834 3001 913 3061 inter
924 3018 1020 3081 uiros,
1037 2995 1140 3058 omnia

113 3162 117 3167 .
176 3097 239 3175 ptius
264 3104 462 3179 commisero,
501 3103 762 3183 comparationem
792 3120 883 3182 quam
915 3097 1030 3159 moliri
1047 3115 1139 3157 ausus

175 3192 250 3263 luero.
289 3202 463 3265 Debellarit
490 3201 539 3262 ille
565 3202 707 3264 Accursii
734 3201 766 3261 in
795 3200 892 3262 Gallia
917 3197 1137 3278 posteritatem,

174 3303 200 3354 el
217 3320 290 3364 omne
316 3301 461 3363 radicitus
486 3300 664 3380 exstirpavit
684 3299 914 3362 Bartolistarum
941 3318 1058 3378 genus3
1089 3293 1138 3356 hic

174 3392 321 3483 Theologiae
348 3402 467 3462 sumum
493 3398 674 3479 objicientes
699 3399 867 3471 barbaros,
899 3397 982 3457 facto
1010 3393 1135 3475 impetu,
1189 3470 1193 3478 ἢ

170 3502 311 3576 oppressit:
337 3512 367 3562 et
386 3499 478 3560 sacris
498 3499 591 3560 literis
612 3497 693 3559 diem
713 3497 861 3570 reddidit,
888 3497 989 3556 lucem
1008 3493 1137 3554 invexit.

165 3595 235 3658 Adde
251 3599 449 3673 FABRUM,
471 3598 526 3681 qui
545 3594 772 3676 Philosophiam
791 3595 946 3677 exquisite
965 3591 1137 3666 fabrefecit,

163 3693 286 3763 illustrato
308 3700 486 3762 Aristotele.
526 3698 617 3760 Adde
645 3695 802 3759 COPUM
830 3706 860 3756 et
886 3691 1137 3756 RUELLIUM:

157 3795 231 3878 lujrrs
260 3799 484 3873 Dioscorides,
523 3796 603 3859 illius
634 3796 770 3856 Galenus
799 3805 856 3855 est.
908 3792 937 3853 0
965 3789 1138 3851 Secutum!

154 3899 289 3962 cliterae!
328 3899 414 3977 jrrvat
439 3899 567 3970 virere3
602 3895 658 3957 etsi
688 3894 848 3976 quiescere
876 3891 1016 3951 nondum
1040 3886 1137 3968 juvat,

148 3998 303 4062 lldibalde!
325 3997 432 4080 rigent
447 3997 564 4070 studia,
581 3997 693 4059 florent
705 3989 839 4074 ingenia.
864 3990 952 4052 Heus
965 3999 1016 4064 tu,
1032 3987 1139 4066 accipe

168 4204 201 4273 ⁴)
218 4212 401 4258 cartosrndtum
411 4221 422 4254 .·
440 4208 598 4254 cartstadiun.
636 4195 682 4264 **)
700 4204 758 4250 statt
774 4215 804 4249 ne
815 4204 868 4259 eutr
883 4201 980 4248 ubertus
997 4204 1138 4256 repascat:

166 4295 346 4345 menstruae
367 4294 549 4351 Vertesseruor.

258 4470 297 4529 ,ὣ
312 4484 328 4553 2.
