2632 5086
203 683 274 761 lta
469 679 575 754 Trica
597 679 766 753 Romana
788 675 978 775 Dialogus.

204 877 294 938 locus
314 883 439 957 praestet
457 874 531 948 hoc,
556 891 621 934 non
637 881 694 933 s'ua
712 871 831 954 cuique
850 870 1052 934 conscientia.
1088 863 1153 933 Sed
1174 869 1242 930 boc

205 973 266 1038 nisi
287 984 389 1048 esset,
416 973 502 1035 unde
523 971 669 1033 virerent
692 981 741 1032 tot
766 970 811 1032 ibi
836 969 1081 1053 poenitentiarii?
1111 978 1160 1030 tot
1181 967 1241 1050 qui

203 1072 302 1137 bullas
324 1072 483 1148 scribunt,
511 1084 543 1134 et
563 1071 752 1153 obsignant?
778 1071 989 1153 indulgentias
1010 1083 1115 1133 autem
1139 1090 1240 1131 nemo

203 1191 341 1250 emeret,
378 1174 437 1237 nisi
466 1195 650 1253 persuasum
677 1186 761 1234 esset
788 1172 826 1234 ab
850 1172 897 1234 his
924 1174 1054 1233 salutem
1081 1171 1240 1251 pendere,

203 1285 235 1338 et
265 1277 419 1356 despectae
448 1286 553 1336 esseut
583 1295 692 1336 omues
718 1273 828 1348 bullae,
869 1275 930 1336 uisi
955 1270 1147 1356 praestigium
1174 1273 1240 1333 hoc

201 1376 393 1456 objecissent
426 1373 677 1439 Christianorum
703 1375 850 1438 cordibus
878 1377 918 1437 ad
953 1376 1124 1438 attimacum
1153 1369 1239 1438 sttu-

201 1485 265 1539 tem
305 1478 511 1539 necessariam
544 1498 613 1537 esse
646 1497 734 1538 stram
762 1476 976 1551 autoritatem,
1028 1477 1117 1559 quod
1146 1477 1237 1538 adeo

200 1577 302 1641 credit
328 1578 436 1641 stultus
455 1578 608 1659 populus,
637 1577 748 1659 utqui
768 1577 933 1658 pecuniam
957 1597 1021 1637 non
1048 1576 1182 1651 babe'nt,
1211 1575 1237 1638 ii

199 1699 235 1743 ee
266 1677 429 1740 verberari
458 1676 550 1739 etiam
581 1678 690 1739 Rornae
718 1678 876 1759 patiantur
901 1677 1038 1756 publice.
1088 1677 1235 1740 Proinde

199 1778 272 1863 quis
305 1789 455 1858 tyrannus
489 1796 630 1860 unquam
665 1777 845 1859 despectius
875 1778 1018 1839 multavit
1048 1770 1235 1858 oppressam

198 1875 373 1955 civitatem,
396 1898 489 1962 quam
505 1877 564 1940 iste
578 1896 745 1939 servorum
764 1901 875 1941 servus
889 1899 954 1939 non
968 1878 1097 1940 liberam
1111 1887 1233 1940 tantum

196 1979 379 2053 nationem,
404 1977 466 2041 sed
487 1979 570 2040 orbis
591 1977 685 2038 etiam
703 1978 968 2040 moderatricem?
988 1980 1130 2039 Hocct'ne
1155 1979 1234 2044 illud

197 2086 245 2142 est
264 2080 335 2140 leve
356 2076 474 2141 Christi
495 2077 599 2139 onus?
618 2077 694 2139 illud
714 2099 810 2139 strare
826 2076 961 2159 jugum?
981 2080 1113 2142 Nonest
1126 2090 1233 2144 autem

196 2178 348 2262 persequi
368 2177 531 2240 ecclesiam
551 2177 630 2250 Dei,
656 2176 808 2239 inducere
828 2199 927 2241 novas
947 2180 1054 2260 leges,
1077 2200 1148 2262 quas
1167 2174 1233 2244 sint

197 2276 316 2343 Christi
336 2276 483 2341 institutis
502 2278 627 2360 penitus
648 2278 822 2341 contrariae.

602 2395 820 2456 Ernhold

271 2494 374 2557 Multa
394 2491 489 2568 dicis,
524 2514 593 2576 quoe
613 2515 679 2556 non
699 2507 827 2577 oportet
845 2495 997 2558 affirmare
1016 2493 1137 2570 verbo,
1166 2493 1231 2575 jam

194 2594 310 2661 scimus
331 2592 416 2655 enim
436 2613 513 2655 vera
531 2615 620 2670 esse,
642 2594 741 2671 adeo,
760 2616 833 2658 cum
851 2596 967 2658 nullius
987 2598 1108 2658 calculo
1128 2596 1229 2660 robo-

193 2692 256 2756 rari
275 2711 313 2752 ea
332 2712 414 2775 opus
434 2690 485 2754 sit.
525 2700 530 2769 j

623 2811 787 2874 Hutten.

267 2908 329 2970 Sed
350 2907 389 2969 de
411 2910 562 2986 pectorali
582 2912 798 2975 reservatione
817 2913 872 2974 diu
892 2911 1021 2974 nimium
1039 2913 1161 2992 distuli,
1183 2914 1227 2979 de

190 3030 252 3093 qua
271 3009 333 3071 diei
354 3009 431 3093 quid
451 3021 556 3089 potest
576 3033 635 3091 pro
655 3013 702 3074 rei
715 3012 954 3093 magnitudine?
972 3026 1026 3076 aut
1041 3037 1110 3098 quse
1124 3015 1229 3080 verba

190 3110 263 3173 eatis
286 3123 358 3172 suist
379 3111 568 3192 explicando
589 3112 718 3188 sceleri,
740 3111 830 3195 quod
849 3115 909 3173 tale
930 3125 994 3187 est,
1019 3125 1056 3175 ut
1075 3137 1139 3197 ego
1155 3119 1228 3179 nul-

188 3209 225 3272 lis
245 3209 382 3294 laqueis,
415 3209 691 3285 urdliscrucibus,
725 3225 776 3276 aut
795 3213 928 3289 aculeis,
963 3215 1054 3276 nullis
1075 3213 1225 3297 ignibus,

187 3331 228 3373 ne
248 3310 358 3371 ultimo
380 3309 509 3392 quidem
529 3309 598 3385 illo,
626 3333 692 3396 quo
712 3313 847 3377 mundus
867 3314 1091 3395 conflagrabit,
1111 3317 1224 3398 expia·

186 3409 249 3473 bile
269 3409 405 3471 credam.

598 3527 626 3588 E
639 3550 655 3590 r
666 3548 686 3588 n
699 3529 720 3590 b
731 3548 752 3588 ο
764 3529 774 3589 Ι
784 3528 814 3589 d.

261 3626 303 3689 Et
320 3623 507 3705 pontificalis
527 3637 573 3687 est
593 3648 631 3689 ea
649 3637 752 3690 tamen
772 3623 931 3709 pectoris?

615 3744 789 3807 Hutten.

260 3837 339 3919 Ejus
366 3840 481 3915 solius,
511 3842 600 3923 quod
630 3845 765 3924 amplum
792 3844 877 3906 intus
905 3845 985 3908 adeo
1012 3861 1075 3925 est,
1107 3862 1140 3911 et
1169 3862 1220 3913 tot

136 3942 139 3947 '
182 3939 412 4004 beneficiorum
443 3961 559 4021 capax,
593 3953 628 4004 ut
655 3942 760 4005 euicui
786 3944 997 4008 sacerdotium
1025 3948 1155 4032 obtigit,
1185 3951 1217 4012 ei

182 4051 283 4103 metus
304 4041 361 4118 sit,
382 4062 423 4104 ne
443 4044 507 4123 hoc
524 4055 595 4105 aute
615 4043 786 4107 reservarit
806 4046 1028 4110 sanctissimus.

587 4163 615 4222 E
626 4184 643 4222 r
653 4181 673 4221 n
685 4163 705 4222 h
716 4162 753 4222 ol
765 4161 796 4222 d.

256 4255 312 4317 Ille
331 4276 409 4320 vero
433 4270 512 4342 quot
532 4260 633 4322 modis
652 4272 793 4324 reservet
814 4261 875 4325 sibi
893 4263 1091 4326 sacerdotia?
