2632 5086
393 1101 631 1168 Hulderichi
656 1105 826 1170 Hutteni

457 1215 753 1291 Equ'it‘islcermani

287 1323 574 1402 vedimur
623 1326 921 1428 Dialogua

561 1462 651 1528 quiet

202 1596 504 1687 Trias
591 1599 1002 1689 Romana
1119 1520 1169 1669 'ii

450 1773 753 1837 inscribitur.

248 1948 509 2022 Interloquutores
525 1949 712 2007 Ernholdus
731 1959 762 2005 et
779 1951 945 2007 Huttenua.

502 2117 666 2161 ,μ

500 2269 692 2332 Ernhold.

85 2366 185 2481 Quid
204 2410 253 2473 tu,
275 2401 434 2474 Hnttene,
455 2399 495 2462 ab
508 2400 557 2462 illa
573 2401 696 2463 tandem
710 2401 795 2467 redis
814 2401 853 2464 ad
868 2396 1106 2482 nosuoguntia

82 2509 151 2573 tua,
174 2521 267 2582 qnam
285 2522 411 2564 auream
430 2520 546 2563 vocare
569 2501 719 2564 solebas?

513 2602 679 2667 Hutten.

157 2697 209 2761 Ab
232 2696 283 2760 ille
308 2717 411 2777 aurea.
458 2700 510 2762 Sic
536 2699 611 2763 mibi
638 2700 764 2766 videtur
792 2700 876 2764 enim
903 2698 1044 2767 omnium
1068 2697 1102 2759 in

83 2798 250 2861 Germania
277 2798 403 2863 urbium
426 2801 507 2863 hauc
532 2822 626 2880 unam
644 2821 731 2876 esse,
759 2822 847 2885 qum,
874 2800 942 2863 sive
962 2799 1023 2863 loci
1043 2819 1102 2882 op·

78 2900 300 2978 portunitatem
337 2910 485 2979 spectes,
526 2901 593 2965 sive
631 2901 696 2964 celi
730 2899 869 2962 bonitate
903 2897 1102 2982 potissimum

76 2997 251 3074 movearis,
277 3001 408 3080 primam
437 3002 477 3062 ad
504 3023 538 3064 se
565 3002 689 3064 laudem
714 2999 866 3079 recipiat3
895 3019 966 3065 nam
993 3009 1027 3060 et
1044 3019 1099 3061 aer

74 3112 143 3176 est,
169 3111 318 3182 quantum
346 3102 429 3161 haud
450 3100 522 3163 alibi
547 3100 696 3176 salubris,
727 3113 758 3163 et
783 3100 862 3162 sitne
887 3100 983 3181 longe
1006 3120 1098 3160 amoe·

74 3201 235 3276 nissimns,
256 3202 413 3282 habetque
430 3202 583 3285 Mogum,
600 3214 631 3264 et
645 3203 806 3276 Rhenum,
826 3221 931 3265 amnes
944 3199 1097 3273 maximoe

74 3304 157 3380 apud
175 3325 208 3363 se
231 3303 441 3363 confluentes:
464 3324 529 3386 quo
544 3307 598 3380 fit,
622 3315 704 3368 utet
721 3303 812 3364 facile
830 3300 982 3383 expatiari
996 3299 1096 3378 liceat,

74 3415 106 3461 et
124 3415 188 3466 tora
209 3403 376 3468 Germania
403 3403 481 3488 quid
506 3415 632 3482 agatur,
663 3424 815 3488 perquam
838 3399 901 3464 cito
921 3400 1098 3464 innoteseat

24 3508 33 3517 '
74 3501 129 3562 ibi.
167 3504 250 3565 Tum
270 3505 345 3567 illud
363 3506 500 3568 arbitror
518 3505 667 3568 studiosis
687 3503 859 3566 convenire
875 3502 921 3563 eis
935 3501 1094 3563 habitatio·

72 3622 144 3663 nem
164 3602 321 3684 inprimis3
348 3625 418 3666 nam
437 3625 500 3688 ego
520 3606 646 3688 quoties
668 3605 811 3666 alicunde
839 3612 1003 3676 revertor,
1030 3599 1094 3678 jam

71 3712 242 3781 apparente
273 3702 403 3767 vixdum
429 3706 529 3782 urbe,
560 3706 649 3768 refici
679 3705 770 3780 mihi,
801 3716 834 3765 et
864 3704 992 3769 alacrior
1023 3699 1095 3765 fieri

70 3803 202 3873 videor,
223 3824 329 3887 nequo
348 3824 485 3890 unquam
502 3806 547 3869 ibi
562 3818 616 3868 aut
627 3809 734 3890 legere
748 3804 852 3886 piget,
873 3815 927 3867 aut
942 3802 1096 3871 seribere.

68 3903 248 3987 Quinetiam
265 3917 433 3991 utrumque
450 3907 528 3973 mira
547 3911 714 3990 (quantum
728 3925 791 3987 ego
809 3904 925 3979 sentio)
943 3902 1091 3968 felicitate

66 4006 169 4082 facio,
195 4007 284 4088 quod
309 4027 465 4092 nusquam
487 4006 610 4071 facilius
629 4004 777 4090 provenit
794 4004 981 4069 lucubranri.

481 4109 675 4171 Ernhold.

140 4210 213 4274 Non
245 4207 361 4290 ignoro
393 4211 484 4273 talem
507 4229 577 4274 asae
595 4208 703 4290 ipsam.
742 4205 806 4269 Sed
832 4226 895 4287 ego
925 4205 1014 4267 aliam
1044 4205 1087 4265 ob

65 4329 185 4372 causam
209 4312 385 4391 suspicatus
404 4330 493 4387 sinu,
518 4328 645 4374 auream
664 4300 720 4373 obs
738 4318 772 4371 te
790 4304 909 4369 vocari.
