<?xml version="1.0" encoding="UTF-8"?>
<!DOCTYPE html PUBLIC "-//W3C//DTD XHTML 1.0 Transitional//EN"
    "http://www.w3.org/TR/xhtml1/DTD/xhtml1-transitional.dtd">
<html xmlns="http://www.w3.org/1999/xhtml" xml:lang="en" lang="en">
 <head>
  <title>
</title>
<meta http-equiv="Content-Type" content="text/html;charset=utf-8" />
  <meta name='ocr-system' content='tesseract 3.04.00' />
  <meta name='ocr-capabilities' content='ocr_page ocr_carea ocr_par ocr_line ocrx_word'/>
</head>
<body>
  <div class='ocr_page' id='page_1' title='image "./ulrichiabhutten02mngoog_0036.png"; bbox 0 0 2632 5086; ppageno 0'>
   <div class='ocr_carea' id='block_1_1' title="bbox 59 788 818 887">
    <p class='ocr_par' dir='ltr' id='par_1_1' title="bbox 59 788 818 887">
     <span class='ocr_line' id='line_1_1' title="bbox 59 788 818 887; baseline -0.009 -20"><span class='ocrx_word' id='word_1_1' title='bbox 59 860 65 875; x_wconf 87' lang='lat'><strong>,</strong></span> <span class='ocrx_word' id='word_1_2' title='bbox 133 798 178 866; x_wconf 72' lang='lat'><strong>26</strong></span> <span class='ocrx_word' id='word_1_3' title='bbox 442 789 613 868; x_wconf 81' lang='lat' dir='ltr'><strong>Misaulus</strong></span> <span class='ocrx_word' id='word_1_4' title='bbox 635 788 818 887; x_wconf 83' lang='lat' dir='ltr'><strong>Dialogus.</strong></span> 
     </span>
    </p>
   </div>
   <div class='ocr_carea' id='block_1_2' title="bbox 130 981 1186 1069">
    <p class='ocr_par' dir='ltr' id='par_1_2' title="bbox 130 981 1186 1069">
     <span class='ocr_line' id='line_1_2' title="bbox 130 981 1186 1069; baseline 0 -23"><span class='ocrx_word' id='word_1_5' title='bbox 130 985 256 1069; x_wconf 77' lang='lat' dir='ltr'><strong>generis</strong></span> <span class='ocrx_word' id='word_1_6' title='bbox 272 984 491 1066; x_wconf 73' lang='lat' dir='ltr'><strong>propagationi</strong></span> <span class='ocrx_word' id='word_1_7' title='bbox 505 1002 632 1065; x_wconf 82' lang='lat' dir='ltr'><strong>operam</strong></span> <span class='ocrx_word' id='word_1_8' title='bbox 646 981 777 1044; x_wconf 84' lang='lat' dir='ltr'><strong>dandam</strong></span> <span class='ocrx_word' id='word_1_9' title='bbox 790 1000 855 1045; x_wconf 92' lang='lat' dir='ltr'><strong>non</strong></span> <span class='ocrx_word' id='word_1_10' title='bbox 869 992 986 1064; x_wconf 88' lang='lat' dir='ltr'><strong>putant.</strong></span> <span class='ocrx_word' id='word_1_11' title='bbox 1013 983 1142 1046; x_wconf 77' lang='lat' dir='ltr'><strong>Vellent</strong></span> <span class='ocrx_word' id='word_1_12' title='bbox 1178 986 1186 1011; x_wconf 73' lang='lat'>¹</span> 
     </span>
    </p>
   </div>
   <div class='ocr_carea' id='block_1_3' title="bbox 126 1083 1173 2062">
    <p class='ocr_par' dir='ltr' id='par_1_3' title="bbox 126 1083 1173 2062">
     <span class='ocr_line' id='line_1_3' title="bbox 132 1083 1142 1165; baseline -0.002 -19"><span class='ocrx_word' id='word_1_13' title='bbox 132 1085 282 1152; x_wconf 86' lang='lat' dir='ltr'><strong>mundum</strong></span> <span class='ocrx_word' id='word_1_14' title='bbox 309 1085 468 1147; x_wconf 84' lang='lat' dir='ltr'><strong>desertum</strong></span> <span class='ocrx_word' id='word_1_15' title='bbox 490 1083 644 1156; x_wconf 82' lang='lat' dir='ltr'><strong>reddere,</strong></span> <span class='ocrx_word' id='word_1_16' title='bbox 671 1092 706 1144; x_wconf 90' lang='lat' dir='ltr'><strong>ut</strong></span> <span class='ocrx_word' id='word_1_17' title='bbox 728 1101 833 1165; x_wconf 82' lang='lat' dir='ltr'><strong>neque</strong></span> <span class='ocrx_word' id='word_1_18' title='bbox 859 1083 918 1162; x_wconf 87' lang='lat' dir='ltr'><strong>ipsi</strong></span> <span class='ocrx_word' id='word_1_19' title='bbox 943 1094 1055 1144; x_wconf 79' lang='lat' dir='ltr'><strong>essent.</strong></span> <span class='ocrx_word' id='word_1_20' title='bbox 1093 1083 1142 1145; x_wconf 85' lang='lat' dir='ltr'><strong>lta</strong></span> 
     </span>
     <span class='ocr_line' id='line_1_4' title="bbox 132 1180 1140 1266; baseline -0.002 -20"><span class='ocrx_word' id='word_1_21' title='bbox 132 1183 201 1246; x_wconf 68' lang='lat' dir='ltr'><strong>vioe</strong></span> <span class='ocrx_word' id='word_1_22' title='bbox 221 1185 311 1266; x_wconf 87' lang='lat' dir='ltr'><strong>piget</strong></span> <span class='ocrx_word' id='word_1_23' title='bbox 330 1184 370 1259; x_wconf 82' lang='lat'><strong>*).</strong></span> <span class='ocrx_word' id='word_1_24' title='bbox 409 1183 496 1263; x_wconf 82' lang='lat' dir='ltr'><strong>Quid</strong></span> <span class='ocrx_word' id='word_1_25' title='bbox 513 1183 597 1246; x_wconf 91' lang='lat' dir='ltr'><strong>enim</strong></span> <span class='ocrx_word' id='word_1_26' title='bbox 611 1181 668 1245; x_wconf 84' lang='lat' dir='ltr'><strong>ista</strong></span> <span class='ocrx_word' id='word_1_27' title='bbox 683 1180 741 1244; x_wconf 78' lang='lat' dir='ltr'><strong>arbi</strong></span> <span class='ocrx_word' id='word_1_28' title='bbox 759 1183 884 1256; x_wconf 81' lang='lat' dir='ltr'><strong>volunt,</strong></span> <span class='ocrx_word' id='word_1_29' title='bbox 904 1182 1054 1264; x_wconf 86' lang='lat' dir='ltr'><strong>optimum</strong></span> <span class='ocrx_word' id='word_1_30' title='bbox 1072 1202 1140 1245; x_wconf 88' lang='lat' dir='ltr'><strong>non</strong></span> 
     </span>
     <span class='ocr_line' id='line_1_5' title="bbox 130 1270 1140 1366; baseline -0.001 -20"><span class='ocrx_word' id='word_1_31' title='bbox 130 1284 235 1358; x_wconf 88' lang='lat' dir='ltr'><strong>nasci,</strong></span> <span class='ocrx_word' id='word_1_32' title='bbox 274 1283 453 1363; x_wconf 88' lang='lat' dir='ltr'><strong>proximum</strong></span> <span class='ocrx_word' id='word_1_33' title='bbox 480 1283 542 1345; x_wconf 90' lang='lat' dir='ltr'><strong>cito</strong></span> <span class='ocrx_word' id='word_1_34' title='bbox 573 1270 683 1344; x_wconf 86' lang='lat' dir='ltr'><strong>natum</strong></span> <span class='ocrx_word' id='word_1_35' title='bbox 705 1281 852 1345; x_wconf 80' lang='lat' dir='ltr'><strong>aboleri?</strong></span> <span class='ocrx_word' id='word_1_36' title='bbox 888 1294 941 1343; x_wconf 89' lang='lat' dir='ltr'><strong>aut</strong></span> <span class='ocrx_word' id='word_1_37' title='bbox 970 1282 1048 1366; x_wconf 85' lang='lat' dir='ltr'><strong>quid</strong></span> <span class='ocrx_word' id='word_1_38' title='bbox 1073 1304 1140 1345; x_wconf 90' lang='lat' dir='ltr'><strong>non</strong></span> 
     </span>
     <span class='ocr_line' id='line_1_6' title="bbox 130 1380 1140 1467; baseline -0.004 -21"><span class='ocrx_word' id='word_1_39' title='bbox 130 1384 297 1453; x_wconf 67' lang='lat' dir='ltr'><strong>absurdum</strong></span> <span class='ocrx_word' id='word_1_40' title='bbox 310 1383 359 1459; x_wconf 90' lang='lat' dir='ltr'><strong>hi,</strong></span> <span class='ocrx_word' id='word_1_41' title='bbox 377 1384 430 1467; x_wconf 81' lang='lat' dir='ltr'><strong>qui</strong></span> <span class='ocrx_word' id='word_1_42' title='bbox 445 1393 597 1444; x_wconf 83' lang='lat' dir='ltr'><strong>vorantur</strong></span> <span class='ocrx_word' id='word_1_43' title='bbox 607 1382 765 1458; x_wconf 89' lang='lat' dir='ltr'><strong>monachi,</strong></span> <span class='ocrx_word' id='word_1_44' title='bbox 780 1380 947 1465; x_wconf 82' lang='lat' dir='ltr'><strong>aliquando</strong></span> <span class='ocrx_word' id='word_1_45' title='bbox 959 1381 1140 1444; x_wconf 78' lang='lat' dir='ltr'><strong>declarant?</strong></span> 
     </span>
     <span class='ocr_line' id='line_1_7' title="bbox 129 1472 1173 1562; baseline -0.001 -16"><span class='ocrx_word' id='word_1_46' title='bbox 129 1485 303 1546; x_wconf 84' lang='lat' dir='ltr'><strong>Hortamur</strong></span> <span class='ocrx_word' id='word_1_47' title='bbox 319 1485 358 1544; x_wconf 83' lang='lat' dir='ltr'><strong>ad</strong></span> <span class='ocrx_word' id='word_1_48' title='bbox 375 1472 590 1557; x_wconf 76' lang='lat' dir='ltr'><strong>solitudinem,</strong></span> <span class='ocrx_word' id='word_1_49' title='bbox 615 1482 739 1544; x_wconf 83' lang='lat' dir='ltr'><strong>trahunt</strong></span> <span class='ocrx_word' id='word_1_50' title='bbox 759 1483 818 1545; x_wconf 89' lang='lat' dir='ltr'><strong>sub</strong></span> <span class='ocrx_word' id='word_1_51' title='bbox 838 1485 979 1562; x_wconf 80' lang='lat' dir='ltr'><strong>regulas,</strong></span> <span class='ocrx_word' id='word_1_52' title='bbox 1004 1481 1140 1547; x_wconf 83' lang='lat' dir='ltr'><strong>cilicium</strong></span> <span class='ocrx_word' id='word_1_53' title='bbox 1151 1518 1173 1545; x_wconf 77' lang='lat'><strong>.-</strong></span> 
     </span>
     <span class='ocr_line' id='line_1_8' title="bbox 130 1581 1136 1666; baseline -0.003 -20"><span class='ocrx_word' id='word_1_54' title='bbox 130 1583 317 1658; x_wconf 85' lang='lat' dir='ltr'><strong>ostendunt,</strong></span> <span class='ocrx_word' id='word_1_55' title='bbox 341 1581 437 1644; x_wconf 73' lang='lat' dir='ltr'><strong>uitam</strong></span> <span class='ocrx_word' id='word_1_56' title='bbox 454 1582 591 1643; x_wconf 81' lang='lat' dir='ltr'><strong>caelibem</strong></span> <span class='ocrx_word' id='word_1_57' title='bbox 602 1583 703 1657; x_wconf 63' lang='lat' dir='ltr'><strong>⁸solam</strong></span> <span class='ocrx_word' id='word_1_58' title='bbox 719 1584 796 1644; x_wconf 82' lang='lat' dir='ltr'><strong>coelo</strong></span> <span class='ocrx_word' id='word_1_59' title='bbox 817 1582 941 1666; x_wconf 85' lang='lat' dir='ltr'><strong>dignam</strong></span> <span class='ocrx_word' id='word_1_60' title='bbox 959 1581 1136 1662; x_wconf 78' lang='lat' dir='ltr'><strong>predicant,</strong></span> 
     </span>
     <span class='ocr_line' id='line_1_9' title="bbox 128 1679 1137 1766; baseline -0.001 -21"><span class='ocrx_word' id='word_1_61' title='bbox 128 1703 232 1745; x_wconf 87' lang='lat' dir='ltr'><strong>rerum</strong></span> <span class='ocrx_word' id='word_1_62' title='bbox 252 1703 342 1745; x_wconf 87' lang='lat' dir='ltr'><strong>usum</strong></span> <span class='ocrx_word' id='word_1_63' title='bbox 357 1680 518 1756; x_wconf 72' lang='lat' dir='ltr'><strong>damnant,</strong></span> <span class='ocrx_word' id='word_1_64' title='bbox 538 1682 687 1742; x_wconf 86' lang='lat' dir='ltr'><strong>mnndum</strong></span> <span class='ocrx_word' id='word_1_65' title='bbox 701 1679 857 1763; x_wconf 82' lang='lat' dir='ltr'><strong>jugulant,</strong></span> <span class='ocrx_word' id='word_1_66' title='bbox 877 1682 1030 1766; x_wconf 81' lang='lat' dir='ltr'><strong>quidquid</strong></span> <span class='ocrx_word' id='word_1_67' title='bbox 1040 1692 1137 1744; x_wconf 75' lang='lat' dir='ltr'><strong>extra</strong></span> 
     </span>
     <span class='ocr_line' id='line_1_10' title="bbox 128 1779 1137 1862; baseline -0.003 -17"><span class='ocrx_word' id='word_1_68' title='bbox 128 1783 281 1845; x_wconf 86' lang='lat' dir='ltr'><strong>cucullum</strong></span> <span class='ocrx_word' id='word_1_69' title='bbox 300 1793 363 1857; x_wconf 83' lang='lat' dir='ltr'><strong>est,</strong></span> <span class='ocrx_word' id='word_1_70' title='bbox 391 1783 508 1843; x_wconf 79' lang='lat' dir='ltr'><strong>Satanae</strong></span> <span class='ocrx_word' id='word_1_71' title='bbox 528 1779 692 1854; x_wconf 85' lang='lat' dir='ltr'><strong>addicunt,</strong></span> <span class='ocrx_word' id='word_1_72' title='bbox 717 1781 777 1861; x_wconf 91' lang='lat' dir='ltr'><strong>ipsi</strong></span> <span class='ocrx_word' id='word_1_73' title='bbox 789 1781 871 1856; x_wconf 68' lang='lat' dir='ltr'><strong>{nihil</strong></span> <span class='ocrx_word' id='word_1_74' title='bbox 890 1781 1030 1862; x_wconf 88' lang='lat' dir='ltr'><strong>experti,</strong></span> <span class='ocrx_word' id='word_1_75' title='bbox 1053 1782 1137 1843; x_wconf 87' lang='lat' dir='ltr'><strong>nulla</strong></span> 
     </span>
     <span class='ocr_line' id='line_1_11' title="bbox 126 1879 1137 1965; baseline -0.002 -20"><span class='ocrx_word' id='word_1_76' title='bbox 126 1905 231 1965; x_wconf 82' lang='lat' dir='ltr'><strong>neque</strong></span> <span class='ocrx_word' id='word_1_77' title='bbox 263 1883 367 1953; x_wconf 89' lang='lat' dir='ltr'><strong>bona,</strong></span> <span class='ocrx_word' id='word_1_78' title='bbox 405 1902 510 1961; x_wconf 84' lang='lat' dir='ltr'><strong>neque</strong></span> <span class='ocrx_word' id='word_1_79' title='bbox 544 1880 623 1940; x_wconf 85' lang='lat' dir='ltr'><strong>mala</strong></span> <span class='ocrx_word' id='word_1_80' title='bbox 652 1879 792 1942; x_wconf 74' lang='lat' dir='ltr'><strong>exerciti.</strong></span> <span class='ocrx_word' id='word_1_81' title='bbox 842 1882 949 1965; x_wconf 81' lang='lat' dir='ltr'><strong>Atque</strong></span> <span class='ocrx_word' id='word_1_82' title='bbox 980 1882 1043 1943; x_wconf 74' lang='lat' dir='ltr'><strong>hec</strong></span> <span class='ocrx_word' id='word_1_83' title='bbox 1076 1880 1137 1943; x_wconf 87' lang='lat' dir='ltr'><strong>illis</strong></span> 
     </span>
     <span class='ocr_line' id='line_1_12' title="bbox 126 1976 1136 2062; baseline 0.002 -21"><span class='ocrx_word' id='word_1_84' title='bbox 126 1982 273 2060; x_wconf 85' lang='lat' dir='ltr'><strong>ingerunt</strong></span> <span class='ocrx_word' id='word_1_85' title='bbox 288 1980 369 2040; x_wconf 73' lang='lat' dir='ltr'><strong>cella</strong></span> <span class='ocrx_word' id='word_1_86' title='bbox 387 1998 422 2039; x_wconf 88' lang='lat' dir='ltr'><strong>ae</strong></span> <span class='ocrx_word' id='word_1_87' title='bbox 445 1976 597 2052; x_wconf 88' lang='lat' dir='ltr'><strong>solitudo,</strong></span> <span class='ocrx_word' id='word_1_88' title='bbox 626 1988 660 2039; x_wconf 86' lang='lat' dir='ltr'><strong>ut</strong></span> <span class='ocrx_word' id='word_1_89' title='bbox 674 1976 825 2062; x_wconf 69' lang='lat' dir='ltr'><strong>qsaicqnid</strong></span> <span class='ocrx_word' id='word_1_90' title='bbox 844 2000 885 2042; x_wconf 88' lang='lat' dir='ltr'><strong>ex</strong></span> <span class='ocrx_word' id='word_1_91' title='bbox 904 1978 1010 2043; x_wconf 86' lang='lat' dir='ltr'><strong>culicis</strong></span> <span class='ocrx_word' id='word_1_92' title='bbox 1029 2000 1136 2043; x_wconf 82' lang='lat' dir='ltr'><strong>morsu</strong></span> 
     </span>
    </p>
   </div>
   <div class='ocr_carea' id='block_1_4' title="bbox 17 2074 1136 2163">
    <p class='ocr_par' dir='ltr' id='par_1_4' title="bbox 17 2074 1136 2163">
     <span class='ocr_line' id='line_1_13' title="bbox 17 2074 1136 2163; baseline -0.001 -22"><span class='ocrx_word' id='word_1_93' title='bbox 17 2074 19 2078; x_wconf 64' lang='grc'>’</span> <span class='ocrx_word' id='word_1_94' title='bbox 126 2078 348 2160; x_wconf 78' lang='lat' dir='ltr'><strong>indignationis</strong></span> <span class='ocrx_word' id='word_1_95' title='bbox 361 2078 577 2159; x_wconf 83' lang='lat' dir='ltr'><strong>conceperint,</strong></span> <span class='ocrx_word' id='word_1_96' title='bbox 596 2077 630 2140; x_wconf 91' lang='lat' dir='ltr'><strong>in</strong></span> <span class='ocrx_word' id='word_1_97' title='bbox 644 2099 762 2163; x_wconf 88' lang='lat' dir='ltr'><strong>mores,</strong></span> <span class='ocrx_word' id='word_1_98' title='bbox 779 2078 810 2139; x_wconf 89' lang='lat' dir='ltr'><strong>in</strong></span> <span class='ocrx_word' id='word_1_99' title='bbox 825 2089 965 2160; x_wconf 86' lang='lat' dir='ltr'><strong>tempora</strong></span> <span class='ocrx_word' id='word_1_100' title='bbox 978 2091 1136 2156; x_wconf 83' lang='lat' dir='ltr'><strong>evomant,</strong></span> 
     </span>
    </p>
   </div>
   <div class='ocr_carea' id='block_1_5' title="bbox 20 2176 1136 2960">
    <p class='ocr_par' dir='ltr' id='par_1_5' title="bbox 20 2176 1136 2960">
     <span class='ocr_line' id='line_1_14' title="bbox 124 2176 1136 2263; baseline 0.001 -23"><span class='ocrx_word' id='word_1_101' title='bbox 124 2177 159 2240; x_wconf 88' lang='lat' dir='ltr'><strong>in</strong></span> <span class='ocrx_word' id='word_1_102' title='bbox 176 2178 358 2258; x_wconf 83' lang='lat' dir='ltr'><strong>Principes,</strong></span> <span class='ocrx_word' id='word_1_103' title='bbox 392 2178 424 2239; x_wconf 94' lang='lat' dir='ltr'><strong>in</strong></span> <span class='ocrx_word' id='word_1_104' title='bbox 438 2177 569 2252; x_wconf 81' lang='lat' dir='ltr'><strong>divites,</strong></span> <span class='ocrx_word' id='word_1_105' title='bbox 596 2188 628 2240; x_wconf 89' lang='lat' dir='ltr'><strong>et</strong></span> <span class='ocrx_word' id='word_1_106' title='bbox 647 2178 809 2263; x_wconf 71' lang='lat' dir='ltr'><strong>quodlibet</strong></span> <span class='ocrx_word' id='word_1_107' title='bbox 822 2177 872 2253; x_wconf 65' lang='lat'><strong>¹⁰⁸)</strong></span> <span class='ocrx_word' id='word_1_108' title='bbox 887 2178 1045 2240; x_wconf 85' lang='lat' dir='ltr'><strong>diversum</strong></span> <span class='ocrx_word' id='word_1_109' title='bbox 1064 2176 1136 2241; x_wconf 77' lang='lat' dir='ltr'><strong>vitae</strong></span> 
     </span>
     <span class='ocr_line' id='line_1_15' title="bbox 125 2275 1136 2362; baseline 0 -21"><span class='ocrx_word' id='word_1_110' title='bbox 125 2298 225 2362; x_wconf 77' lang='lat' dir='ltr'><strong>genus</strong></span> <span class='ocrx_word' id='word_1_111' title='bbox 242 2275 510 2356; x_wconf 73' lang='lat' dir='ltr'><strong>jacidcntur***),</strong></span> <span class='ocrx_word' id='word_1_112' title='bbox 527 2297 562 2338; x_wconf 93' lang='lat' dir='ltr'><strong>ac</strong></span> <span class='ocrx_word' id='word_1_113' title='bbox 578 2277 628 2339; x_wconf 91' lang='lat' dir='ltr'><strong>illa</strong></span> <span class='ocrx_word' id='word_1_114' title='bbox 645 2278 685 2340; x_wconf 91' lang='lat' dir='ltr'><strong>ab</strong></span> <span class='ocrx_word' id='word_1_115' title='bbox 700 2276 808 2339; x_wconf 85' lang='lat' dir='ltr'><strong>inferis</strong></span> <span class='ocrx_word' id='word_1_116' title='bbox 819 2277 963 2341; x_wconf 80' lang='lat' dir='ltr'><strong>terricula</strong></span> <span class='ocrx_word' id='word_1_117' title='bbox 976 2276 1136 2342; x_wconf 85' lang='lat' dir='ltr'><strong>hominum</strong></span> 
     </span>
     <span class='ocr_line' id='line_1_16' title="bbox 126 2377 1136 2462; baseline -0.001 -21"><span class='ocrx_word' id='word_1_118' title='bbox 126 2378 274 2454; x_wconf 71' lang='lat' dir='ltr'><strong>ambus,</strong></span> <span class='ocrx_word' id='word_1_119' title='bbox 304 2389 397 2460; x_wconf 80' lang='lat' dir='ltr'><strong>atque</strong></span> <span class='ocrx_word' id='word_1_120' title='bbox 417 2377 514 2441; x_wconf 87' lang='lat' dir='ltr'><strong>oculis</strong></span> <span class='ocrx_word' id='word_1_121' title='bbox 533 2377 694 2441; x_wconf 77' lang='lat' dir='ltr'><strong>obversari</strong></span> <span class='ocrx_word' id='word_1_122' title='bbox 712 2378 844 2454; x_wconf 82' lang='lat' dir='ltr'><strong>faciant,</strong></span> <span class='ocrx_word' id='word_1_123' title='bbox 870 2379 912 2440; x_wconf 87' lang='lat' dir='ltr'><strong>ita</strong></span> <span class='ocrx_word' id='word_1_124' title='bbox 931 2378 1136 2462; x_wconf 78' lang='lat' dir='ltr'><strong>depingentes</strong></span> 
     </span>
     <span class='ocr_line' id='line_1_17' title="bbox 123 2475 1133 2561; baseline -0.002 -20"><span class='ocrx_word' id='word_1_125' title='bbox 123 2498 165 2541; x_wconf 73' lang='lat' dir='ltr'><strong>sc</strong></span> <span class='ocrx_word' id='word_1_126' title='bbox 184 2476 218 2539; x_wconf 79' lang='lat' dir='ltr'><strong>tl</strong></span> <span class='ocrx_word' id='word_1_127' title='bbox 239 2477 384 2540; x_wconf 84' lang='lat' dir='ltr'><strong>viderint.</strong></span> <span class='ocrx_word' id='word_1_128' title='bbox 432 2480 521 2558; x_wconf 82' lang='lat' dir='ltr'><strong>Quos</strong></span> <span class='ocrx_word' id='word_1_129' title='bbox 548 2475 604 2559; x_wconf 84' lang='lat' dir='ltr'><strong>qui</strong></span> <span class='ocrx_word' id='word_1_130' title='bbox 630 2477 776 2553; x_wconf 87' lang='lat' dir='ltr'><strong>audiunt,</strong></span> <span class='ocrx_word' id='word_1_131' title='bbox 814 2479 907 2561; x_wconf 87' lang='lat' dir='ltr'><strong>aliqui</strong></span> <span class='ocrx_word' id='word_1_132' title='bbox 927 2478 1027 2541; x_wconf 86' lang='lat' dir='ltr'><strong>statim</strong></span> <span class='ocrx_word' id='word_1_133' title='bbox 1046 2478 1133 2554; x_wconf 63' lang='lat' dir='ltr'><strong>ssia)</strong></span> 
     </span>
     <span class='ocr_line' id='line_1_18' title="bbox 122 2568 1132 2650; baseline 0.001 -13"><span class='ocrx_word' id='word_1_134' title='bbox 122 2577 204 2637; x_wconf 90' lang='lat' dir='ltr'><strong>mori</strong></span> <span class='ocrx_word' id='word_1_135' title='bbox 219 2577 389 2650; x_wconf 86' lang='lat' dir='ltr'><strong>destinant,</strong></span> <span class='ocrx_word' id='word_1_136' title='bbox 412 2575 463 2637; x_wconf 89' lang='lat' dir='ltr'><strong>alii</strong></span> <span class='ocrx_word' id='word_1_137' title='bbox 479 2568 512 2637; x_wconf 82' lang='lat' dir='ltr'><strong>in</strong></span> <span class='ocrx_word' id='word_1_138' title='bbox 528 2578 634 2638; x_wconf 88' lang='lat' dir='ltr'><strong>cellam</strong></span> <span class='ocrx_word' id='word_1_139' title='bbox 648 2596 716 2638; x_wconf 86' lang='lat' dir='ltr'><strong>sese</strong></span> <span class='ocrx_word' id='word_1_140' title='bbox 736 2577 929 2640; x_wconf 85' lang='lat' dir='ltr'><strong>abstrudunt.</strong></span> <span class='ocrx_word' id='word_1_141' title='bbox 968 2580 1041 2640; x_wconf 89' lang='lat' dir='ltr'><strong>Non</strong></span> <span class='ocrx_word' id='word_1_142' title='bbox 1054 2578 1132 2639; x_wconf 90' lang='lat' dir='ltr'><strong>nulli</strong></span> 
     </span>
     <span class='ocr_line' id='line_1_19' title="bbox 124 2673 1131 2759; baseline 0.003 -23"><span class='ocrx_word' id='word_1_143' title='bbox 124 2674 280 2738; x_wconf 85' lang='lat' dir='ltr'><strong>derelictis</strong></span> <span class='ocrx_word' id='word_1_144' title='bbox 300 2673 438 2756; x_wconf 84' lang='lat' dir='ltr'><strong>conjuge</strong></span> <span class='ocrx_word' id='word_1_145' title='bbox 461 2696 497 2736; x_wconf 89' lang='lat' dir='ltr'><strong>ac</strong></span> <span class='ocrx_word' id='word_1_146' title='bbox 520 2674 624 2738; x_wconf 85' lang='lat' dir='ltr'><strong>liberis</strong></span> <span class='ocrx_word' id='word_1_147' title='bbox 649 2677 687 2738; x_wconf 92' lang='lat' dir='ltr'><strong>ad</strong></span> <span class='ocrx_word' id='word_1_148' title='bbox 709 2677 907 2740; x_wconf 81' lang='lat' dir='ltr'><strong>solitudinem</strong></span> <span class='ocrx_word' id='word_1_149' title='bbox 930 2691 1131 2759; x_wconf 84' lang='lat' dir='ltr'><strong>procurmnt.</strong></span> 
     </span>
     <span class='ocr_line' id='line_1_20' title="bbox 20 2775 1131 2867; baseline 0.006 -30"><span class='ocrx_word' id='word_1_150' title='bbox 20 2850 30 2867; x_wconf 76' lang='lat'><strong>.</strong></span> <span class='ocrx_word' id='word_1_151' title='bbox 123 2776 283 2858; x_wconf 82' lang='lat' dir='ltr'><strong>Quosdam</strong></span> <span class='ocrx_word' id='word_1_152' title='bbox 306 2776 349 2837; x_wconf 88' lang='lat' dir='ltr'><strong>ita</strong></span> <span class='ocrx_word' id='word_1_153' title='bbox 373 2775 461 2857; x_wconf 86' lang='lat' dir='ltr'><strong>piget</strong></span> <span class='ocrx_word' id='word_1_154' title='bbox 485 2776 609 2851; x_wconf 82' lang='lat' dir='ltr'><strong>vivere,</strong></span> <span class='ocrx_word' id='word_1_155' title='bbox 642 2787 678 2837; x_wconf 89' lang='lat' dir='ltr'><strong>ut</strong></span> <span class='ocrx_word' id='word_1_156' title='bbox 695 2777 776 2857; x_wconf 84' lang='lat' dir='ltr'><strong>patri</strong></span> <span class='ocrx_word' id='word_1_157' title='bbox 799 2796 833 2838; x_wconf 94' lang='lat' dir='ltr'><strong>ac</strong></span> <span class='ocrx_word' id='word_1_158' title='bbox 855 2778 959 2853; x_wconf 87' lang='lat' dir='ltr'><strong>matri,</strong></span> <span class='ocrx_word' id='word_1_159' title='bbox 989 2779 1076 2862; x_wconf 86' lang='lat' dir='ltr'><strong>quod</strong></span> <span class='ocrx_word' id='word_1_160' title='bbox 1094 2798 1131 2845; x_wconf 78' lang='lat' dir='ltr'><strong>te</strong></span> 
     </span>
     <span class='ocr_line' id='line_1_21' title="bbox 121 2876 1131 2960; baseline 0.003 -23"><span class='ocrx_word' id='word_1_161' title='bbox 121 2876 304 2956; x_wconf 81' lang='lat' dir='ltr'><strong>genuerint,</strong></span> <span class='ocrx_word' id='word_1_162' title='bbox 334 2876 514 2940; x_wconf 85' lang='lat' dir='ltr'><strong>irascantur.</strong></span> <span class='ocrx_word' id='word_1_163' title='bbox 564 2877 640 2957; x_wconf 80' lang='lat' dir='ltr'><strong>Quoe</strong></span> <span class='ocrx_word' id='word_1_164' title='bbox 663 2896 734 2938; x_wconf 90' lang='lat' dir='ltr'><strong>cum</strong></span> <span class='ocrx_word' id='word_1_165' title='bbox 758 2876 870 2953; x_wconf 81' lang='lat' dir='ltr'><strong>rideo,</strong></span> <span class='ocrx_word' id='word_1_166' title='bbox 897 2889 929 2941; x_wconf 87' lang='lat' dir='ltr'><strong>et</strong></span> <span class='ocrx_word' id='word_1_167' title='bbox 952 2898 1044 2960; x_wconf 82' lang='lat' dir='ltr'><strong>quam</strong></span> <span class='ocrx_word' id='word_1_168' title='bbox 1063 2878 1131 2940; x_wconf 84' lang='lat' dir='ltr'><strong>noia</strong></span> 
     </span>
    </p>
   </div>
   <div class='ocr_carea' id='block_1_6' title="bbox 21 2974 1131 3062">
    <p class='ocr_par' dir='ltr' id='par_1_6' title="bbox 21 2974 1131 3062">
     <span class='ocr_line' id='line_1_22' title="bbox 21 2974 1131 3062; baseline 0.003 -25"><span class='ocrx_word' id='word_1_169' title='bbox 21 2982 26 2992; x_wconf 89' lang='grc'><em>“</em></span> <span class='ocrx_word' id='word_1_170' title='bbox 121 2975 230 3038; x_wconf 81' lang='lat' dir='ltr'><strong>deceat</strong></span> <span class='ocrx_word' id='word_1_171' title='bbox 248 2976 406 3041; x_wconf 83' lang='lat' dir='ltr'><strong>bominem</strong></span> <span class='ocrx_word' id='word_1_172' title='bbox 424 2974 500 3041; x_wconf 85' lang='lat' dir='ltr'><strong>nibil</strong></span> <span class='ocrx_word' id='word_1_173' title='bbox 513 2996 606 3058; x_wconf 82' lang='lat' dir='ltr'><strong>agere</strong></span> <span class='ocrx_word' id='word_1_174' title='bbox 626 2976 808 3054; x_wconf 87' lang='lat' dir='ltr'><strong>considero,</strong></span> <span class='ocrx_word' id='word_1_175' title='bbox 828 2999 864 3040; x_wconf 83' lang='lat' dir='ltr'><strong>ac</strong></span> <span class='ocrx_word' id='word_1_176' title='bbox 878 3000 946 3062; x_wconf 78' lang='lat' dir='ltr'><strong>qua</strong></span> <span class='ocrx_word' id='word_1_177' title='bbox 959 2978 1061 3058; x_wconf 90' lang='lat' dir='ltr'><strong>ipsum</strong></span> <span class='ocrx_word' id='word_1_178' title='bbox 1077 2998 1131 3040; x_wconf 90' lang='lat' dir='ltr'><strong>me</strong></span> 
     </span>
    </p>
   </div>
   <div class='ocr_carea' id='block_1_7' title="bbox 119 3074 1130 3159">
    <p class='ocr_par' dir='ltr' id='par_1_7' title="bbox 119 3074 1130 3159">
     <span class='ocr_line' id='line_1_23' title="bbox 119 3074 1130 3159; baseline 0.001 -24"><span class='ocrx_word' id='word_1_179' title='bbox 119 3074 333 3153; x_wconf 72' lang='lat' dir='ltr'><strong>circuiretur,</strong></span> <span class='ocrx_word' id='word_1_180' title='bbox 359 3075 502 3152; x_wconf 64' lang='lat' dir='ltr'><strong>intimos,</strong></span> <span class='ocrx_word' id='word_1_181' title='bbox 532 3097 603 3140; x_wconf 90' lang='lat' dir='ltr'><strong>cum</strong></span> <span class='ocrx_word' id='word_1_182' title='bbox 631 3075 693 3153; x_wconf 83' lang='lat' dir='ltr'><strong>jam</strong></span> <span class='ocrx_word' id='word_1_183' title='bbox 716 3089 838 3159; x_wconf 83' lang='lat' dir='ltr'><strong>tempus</strong></span> <span class='ocrx_word' id='word_1_184' title='bbox 864 3078 923 3154; x_wconf 86' lang='lat' dir='ltr'><strong>sit,</strong></span> <span class='ocrx_word' id='word_1_185' title='bbox 958 3088 993 3139; x_wconf 87' lang='lat' dir='ltr'><strong>ut</strong></span> <span class='ocrx_word' id='word_1_186' title='bbox 1019 3075 1130 3137; x_wconf 86' lang='lat' dir='ltr'><strong>vivere</strong></span> 
     </span>
    </p>
   </div>
   <div class='ocr_carea' id='block_1_8' title="bbox 13 3170 1129 3261">
    <p class='ocr_par' dir='ltr' id='par_1_8' title="bbox 13 3170 1129 3261">
     <span class='ocr_line' id='line_1_24' title="bbox 13 3170 1129 3261; baseline 0.002 -26"><span class='ocrx_word' id='word_1_187' title='bbox 13 3192 24 3207; x_wconf 91' lang='grc'><strong><em>·</em></strong></span> <span class='ocrx_word' id='word_1_188' title='bbox 118 3175 279 3255; x_wconf 87' lang='lat' dir='ltr'><strong>incipiam,</strong></span> <span class='ocrx_word' id='word_1_189' title='bbox 310 3196 376 3241; x_wconf 87' lang='lat' dir='ltr'><strong>non</strong></span> <span class='ocrx_word' id='word_1_190' title='bbox 401 3177 566 3240; x_wconf 87' lang='lat' dir='ltr'><strong>deserendi</strong></span> <span class='ocrx_word' id='word_1_191' title='bbox 594 3177 721 3261; x_wconf 84' lang='lat' dir='ltr'><strong>quidem</strong></span> <span class='ocrx_word' id='word_1_192' title='bbox 745 3170 846 3240; x_wconf 74' lang='lat' dir='ltr'><strong>&#39;stridis</strong></span> <span class='ocrx_word' id='word_1_193' title='bbox 871 3177 999 3239; x_wconf 88' lang='lat' dir='ltr'><strong>consilia</strong></span> <span class='ocrx_word' id='word_1_194' title='bbox 1026 3176 1129 3256; x_wconf 80' lang='lat' dir='ltr'><strong>capio,</strong></span> 
     </span>
    </p>
   </div>
   <div class='ocr_carea' id='block_1_9' title="bbox 114 3275 1128 4163">
    <p class='ocr_par' dir='ltr' id='par_1_9' title="bbox 117 3275 1128 3358">
     <span class='ocr_line' id='line_1_25' title="bbox 117 3275 1128 3358; baseline -0.001 -21"><span class='ocrx_word' id='word_1_195' title='bbox 117 3275 174 3337; x_wconf 83' lang='lat' dir='ltr'><strong>sed</strong></span> <span class='ocrx_word' id='word_1_196' title='bbox 199 3277 380 3356; x_wconf 76' lang='lat' dir='ltr'><strong>emergendi</strong></span> <span class='ocrx_word' id='word_1_197' title='bbox 406 3298 446 3338; x_wconf 84' lang='lat' dir='ltr'><strong>ex</strong></span> <span class='ocrx_word' id='word_1_198' title='bbox 469 3277 516 3340; x_wconf 90' lang='lat' dir='ltr'><strong>his</strong></span> <span class='ocrx_word' id='word_1_199' title='bbox 540 3278 685 3341; x_wconf 88' lang='lat' dir='ltr'><strong>sordibus</strong></span> <span class='ocrx_word' id='word_1_200' title='bbox 712 3276 794 3341; x_wconf 77' lang='lat' dir='ltr'><strong>viam</strong></span> <span class='ocrx_word' id='word_1_201' title='bbox 811 3275 982 3358; x_wconf 86' lang='lat' dir='ltr'><strong>prospicio.</strong></span> <span class='ocrx_word' id='word_1_202' title='bbox 1020 3276 1128 3358; x_wconf 77' lang='lat' dir='ltr'><strong>Atque</strong></span> 
     </span>
    </p>

    <p class='ocr_par' dir='ltr' id='par_1_10' title="bbox 117 3376 1128 3460">
     <span class='ocr_line' id='line_1_26' title="bbox 117 3376 1128 3460; baseline -0.005 -22"><span class='ocrx_word' id='word_1_203' title='bbox 117 3377 181 3438; x_wconf 79' lang='lat' dir='ltr'><strong>liae</strong></span> <span class='ocrx_word' id='word_1_204' title='bbox 207 3376 360 3456; x_wconf 81' lang='lat' dir='ltr'><strong>prolixius</strong></span> <span class='ocrx_word' id='word_1_205' title='bbox 389 3377 492 3453; x_wconf 86' lang='lat' dir='ltr'><strong>attuli,</strong></span> <span class='ocrx_word' id='word_1_206' title='bbox 528 3398 593 3460; x_wconf 90' lang='lat' dir='ltr'><strong>quo</strong></span> <span class='ocrx_word' id='word_1_207' title='bbox 624 3397 665 3438; x_wconf 89' lang='lat' dir='ltr'><strong>ne</strong></span> <span class='ocrx_word' id='word_1_208' title='bbox 690 3376 765 3440; x_wconf 86' lang='lat' dir='ltr'><strong>milri</strong></span> <span class='ocrx_word' id='word_1_209' title='bbox 790 3392 979 3459; x_wconf 82' lang='lat' dir='ltr'><strong>persuasum¹</strong></span> <span class='ocrx_word' id='word_1_210' title='bbox 999 3386 1128 3456; x_wconf 75' lang='lat' dir='ltr'><strong>putares</strong></span> 
     </span>
    </p>

    <p class='ocr_par' dir='ltr' id='par_1_11' title="bbox 116 3474 1128 3558">
     <span class='ocr_line' id='line_1_27' title="bbox 116 3474 1128 3558; baseline -0.001 -21"><span class='ocrx_word' id='word_1_211' title='bbox 116 3486 233 3538; x_wconf 86' lang='lat' dir='ltr'><strong>tantum</strong></span> <span class='ocrx_word' id='word_1_212' title='bbox 261 3476 377 3541; x_wconf 88' lang='lat' dir='ltr'><strong>bonum</strong></span> <span class='ocrx_word' id='word_1_213' title='bbox 407 3496 497 3552; x_wconf 85' lang='lat' dir='ltr'><strong>esse,</strong></span> <span class='ocrx_word' id='word_1_214' title='bbox 528 3476 573 3540; x_wconf 87' lang='lat' dir='ltr'><strong>sic</strong></span> <span class='ocrx_word' id='word_1_215' title='bbox 605 3477 704 3541; x_wconf 88' lang='lat' dir='ltr'><strong>otiari.</strong></span> <span class='ocrx_word' id='word_1_216' title='bbox 755 3477 806 3538; x_wconf 85' lang='lat' dir='ltr'><strong>Tu</strong></span> <span class='ocrx_word' id='word_1_217' title='bbox 832 3487 966 3558; x_wconf 75' lang='lat' dir='ltr'><strong>caeptum</strong></span> <span class='ocrx_word' id='word_1_218' title='bbox 990 3474 1032 3539; x_wconf 87' lang='lat' dir='ltr'><strong>de</strong></span> <span class='ocrx_word' id='word_1_219' title='bbox 1058 3477 1128 3536; x_wconf 73' lang='lat' dir='ltr'><strong>arula</strong></span> 
     </span>
    </p>

    <p class='ocr_par' dir='ltr' id='par_1_12' title="bbox 117 3581 953 3741">
     <span class='ocr_line' id='line_1_28' title="bbox 117 3581 953 3661; baseline 0 -22"><span class='ocrx_word' id='word_1_220' title='bbox 117 3596 292 3641; x_wconf 81' lang='lat' dir='ltr'><strong>sermonem</strong></span> <span class='ocrx_word' id='word_1_221' title='bbox 311 3581 525 3661; x_wconf 86' lang='lat' dir='ltr'><strong>prosequere!</strong></span> <span class='ocrx_word' id='word_1_222' title='bbox 950 3584 953 3589; x_wconf 83' lang='lat'>&#39;</span> 
     </span>
     <span class='ocr_line' id='line_1_29' title="bbox 519 3677 724 3741; baseline -0.02 -1"><span class='ocrx_word' id='word_1_223' title='bbox 519 3677 724 3741; x_wconf 87' lang='lat' dir='ltr'><strong>Misaulus.</strong></span> 
     </span>
    </p>

    <p class='ocr_par' dir='ltr' id='par_1_13' title="bbox 114 3770 1125 4163">
     <span class='ocr_line' id='line_1_30' title="bbox 188 3770 1124 3860; baseline -0.009 -18"><span class='ocrx_word' id='word_1_224' title='bbox 188 3779 269 3842; x_wconf 83' lang='lat' dir='ltr'><strong>Nihil</strong></span> <span class='ocrx_word' id='word_1_225' title='bbox 288 3778 363 3842; x_wconf 82' lang='lat' dir='ltr'><strong>istos</strong></span> <span class='ocrx_word' id='word_1_226' title='bbox 381 3797 490 3842; x_wconf 88' lang='lat' dir='ltr'><strong>moror</strong></span> <span class='ocrx_word' id='word_1_227' title='bbox 508 3776 627 3840; x_wconf 88' lang='lat' dir='ltr'><strong>amice!</strong></span> <span class='ocrx_word' id='word_1_228' title='bbox 658 3776 712 3860; x_wconf 84' lang='lat' dir='ltr'><strong>qui</strong></span> <span class='ocrx_word' id='word_1_229' title='bbox 734 3770 886 3836; x_wconf 77' lang='lat' dir='ltr'><strong>terrenam</strong></span> <span class='ocrx_word' id='word_1_230' title='bbox 906 3770 977 3835; x_wconf 88' lang='lat' dir='ltr'><strong>orbi</strong></span> <span class='ocrx_word' id='word_1_231' title='bbox 998 3773 1124 3837; x_wconf 88' lang='lat' dir='ltr'><strong>molesti</strong></span> 
     </span>
     <span class='ocr_line' id='line_1_31' title="bbox 114 3864 1125 3961; baseline -0.006 -20"><span class='ocrx_word' id='word_1_232' title='bbox 114 3890 202 3953; x_wconf 80' lang='lat' dir='ltr'><strong>siant,</strong></span> <span class='ocrx_word' id='word_1_233' title='bbox 236 3864 471 3961; x_wconf 81' lang='lat' dir='ltr'><strong>Theologistas,</strong></span> <span class='ocrx_word' id='word_1_234' title='bbox 503 3897 539 3938; x_wconf 80' lang='lat' dir='ltr'><strong>ac</strong></span> <span class='ocrx_word' id='word_1_235' title='bbox 564 3876 701 3939; x_wconf 89' lang='lat' dir='ltr'><strong>difficiles</strong></span> <span class='ocrx_word' id='word_1_236' title='bbox 726 3876 814 3951; x_wconf 86' lang='lat' dir='ltr'><strong>illos,</strong></span> <span class='ocrx_word' id='word_1_237' title='bbox 845 3886 877 3937; x_wconf 82' lang='lat' dir='ltr'><strong>et</strong></span> <span class='ocrx_word' id='word_1_238' title='bbox 904 3874 1125 3955; x_wconf 84' lang='lat' dir='ltr'><strong>superciliosos</strong></span> 
     </span>
     <span class='ocr_line' id='line_1_32' title="bbox 114 3973 1124 4061; baseline -0.011 -19"><span class='ocrx_word' id='word_1_239' title='bbox 114 3981 321 4061; x_wconf 80' lang='lat' dir='ltr'><strong>disputatores</strong></span> <span class='ocrx_word' id='word_1_240' title='bbox 347 3978 413 4058; x_wconf 90' lang='lat' dir='ltr'><strong>ipse</strong></span> <span class='ocrx_word' id='word_1_241' title='bbox 439 3998 504 4039; x_wconf 91' lang='lat' dir='ltr'><strong>non</strong></span> <span class='ocrx_word' id='word_1_242' title='bbox 531 3977 654 4058; x_wconf 85' lang='lat' dir='ltr'><strong>probo,</strong></span> <span class='ocrx_word' id='word_1_243' title='bbox 682 3996 744 4040; x_wconf 88' lang='lat' dir='ltr'><strong>nec</strong></span> <span class='ocrx_word' id='word_1_244' title='bbox 765 3988 797 4038; x_wconf 90' lang='lat' dir='ltr'><strong>te</strong></span> <span class='ocrx_word' id='word_1_245' title='bbox 823 3973 857 4038; x_wconf 88' lang='lat' dir='ltr'><strong>in</strong></span> <span class='ocrx_word' id='word_1_246' title='bbox 880 3974 985 4036; x_wconf 87' lang='lat' dir='ltr'><strong>cellam</strong></span> <span class='ocrx_word' id='word_1_247' title='bbox 1003 3975 1124 4052; x_wconf 79' lang='lat' dir='ltr'><strong>relego,</strong></span> 
     </span>
     <span class='ocr_line' id='line_1_33' title="bbox 114 4061 1125 4163; baseline -0.007 -22"><span class='ocrx_word' id='word_1_248' title='bbox 114 4091 146 4141; x_wconf 92' lang='lat' dir='ltr'><strong>et</strong></span> <span class='ocrx_word' id='word_1_249' title='bbox 164 4079 319 4163; x_wconf 82' lang='lat' dir='ltr'><strong>agendum</strong></span> <span class='ocrx_word' id='word_1_250' title='bbox 340 4077 468 4141; x_wconf 85' lang='lat' dir='ltr'><strong>omnino</strong></span> <span class='ocrx_word' id='word_1_251' title='bbox 488 4061 605 4160; x_wconf 86' lang='lat' dir='ltr'><strong>aliquid</strong></span> <span class='ocrx_word' id='word_1_252' title='bbox 624 4088 725 4158; x_wconf 86' lang='lat' dir='ltr'><strong>puto:</strong></span> <span class='ocrx_word' id='word_1_253' title='bbox 759 4076 817 4138; x_wconf 83' lang='lat' dir='ltr'><strong>ssd</strong></span> <span class='ocrx_word' id='word_1_254' title='bbox 833 4076 934 4137; x_wconf 87' lang='lat' dir='ltr'><strong>aulam</strong></span> <span class='ocrx_word' id='word_1_255' title='bbox 952 4092 1036 4154; x_wconf 84' lang='lat' dir='ltr'><strong>nego</strong></span> <span class='ocrx_word' id='word_1_256' title='bbox 1055 4091 1125 4134; x_wconf 84' lang='lat' dir='ltr'><strong>esse</strong></span> 
     </span>
    </p>
   </div>
   <div class='ocr_carea' id='block_1_10' title="bbox 106 4295 1125 4449">
    <p class='ocr_par' dir='ltr' id='par_1_14' title="bbox 106 4295 1125 4449">
     <span class='ocr_line' id='line_1_34' title="bbox 106 4295 1125 4367; baseline -0.005 -13"><span class='ocrx_word' id='word_1_257' title='bbox 106 4312 110 4319; x_wconf 72' lang='grc'><em>’</em></span> <span class='ocrx_word' id='word_1_258' title='bbox 148 4299 176 4361; x_wconf 74' lang='lat'><strong>⁸)</strong></span> <span class='ocrx_word' id='word_1_259' title='bbox 188 4308 230 4354; x_wconf 82' lang='lat' dir='ltr'><strong>Ito</strong></span> <span class='ocrx_word' id='word_1_260' title='bbox 245 4310 306 4352; x_wconf 77' lang='lat' dir='ltr'><strong>otta</strong></span> <span class='ocrx_word' id='word_1_261' title='bbox 316 4309 385 4365; x_wconf 70' lang='lat' dir='ltr'><strong>slyer</strong></span> <span class='ocrx_word' id='word_1_262' title='bbox 398 4304 527 4363; x_wconf 60' lang='lat' dir='ltr'><strong>emeruit</strong></span> <span class='ocrx_word' id='word_1_263' title='bbox 546 4297 589 4360; x_wconf 74' lang='lat'><strong>⁸⁸)</strong></span> <span class='ocrx_word' id='word_1_264' title='bbox 600 4316 626 4354; x_wconf 75' lang='lat' dir='ltr'><strong>cr</strong></span> <span class='ocrx_word' id='word_1_265' title='bbox 638 4308 760 4367; x_wconf 68' lang='lat' dir='ltr'><strong>quodlibet</strong></span> <span class='ocrx_word' id='word_1_266' title='bbox 769 4319 781 4352; x_wconf 92' lang='lat'><strong>.·</strong></span> <span class='ocrx_word' id='word_1_267' title='bbox 795 4319 822 4354; x_wconf 82' lang='lat' dir='ltr'><strong>ac</strong></span> <span class='ocrx_word' id='word_1_268' title='bbox 836 4305 964 4364; x_wconf 70' lang='lat' dir='ltr'><strong>maslines.</strong></span> <span class='ocrx_word' id='word_1_269' title='bbox 982 4295 1125 4357; x_wconf 53' lang='grc' dir='ltr'><strong>Μηκι-</strong></span> 
     </span>
     <span class='ocr_line' id='line_1_35' title="bbox 146 4383 814 4449; baseline 0 -14"><span class='ocrx_word' id='word_1_270' title='bbox 146 4383 249 4435; x_wconf 78' lang='lat' dir='ltr'><strong>lentur:</strong></span> <span class='ocrx_word' id='word_1_271' title='bbox 268 4390 409 4441; x_wconf 78' lang='lat' dir='ltr'><strong>iaculantur.</strong></span> <span class='ocrx_word' id='word_1_272' title='bbox 444 4385 516 4449; x_wconf 61' lang='lat' dir='ltr'><strong>tm)</strong></span> <span class='ocrx_word' id='word_1_273' title='bbox 534 4395 620 4437; x_wconf 80' lang='lat' dir='ltr'><strong>statlrn</strong></span> <span class='ocrx_word' id='word_1_274' title='bbox 638 4393 814 4449; x_wconf 65' lang='lat' dir='ltr'><strong>ninangesetzr.</strong></span> 
     </span>
    </p>
   </div>
   <div class='ocr_carea' id='block_1_11' title="bbox 0 0 1320 5086">
    <p class='ocr_par' dir='ltr' id='par_1_15' title="bbox 0 0 1320 5086">
     <span class='ocr_line' id='line_1_36' title="bbox 0 0 1320 5086; baseline 0 6"><span class='ocrx_word' id='word_1_275' title='bbox 0 0 1320 5086; x_wconf 95' lang='lat' dir='ltr'><strong> </strong></span> 
     </span>
    </p>
   </div>
  </div>
 </body>
</html>
