2632 5086
220 796 292 879 600
476 794 582 873 Trios
606 794 777 875 Romana
798 799 987 903 Dialogus.

528 1036 541 1057 .
638 992 828 1057 Ernlrolil.

181 1096 185 1111 ¹
294 1093 344 1158 Ne
361 1104 521 1171 mentam,
551 1114 664 1158 uorum
682 1090 818 1157 sentiant
837 1093 871 1161 in
894 1097 1021 1179 publica
1039 1096 1127 1164 orbis
1146 1098 1188 1165 tle
1207 1119 1245 1165 se

218 1198 358 1281 querela.

606 1328 611 1337 ·
649 1294 814 1361 Htttlen.

287 1394 376 1472 Scis,
411 1393 490 1480 quisi
508 1396 667 1481 praecipue
697 1398 740 1460 de
771 1398 859 1460 urbis
890 1396 1113 1481 gubernaculis
1143 1398 1243 1464 bodie

216 1497 371 1582 conqueri
390 1498 517 1572 debuit,
538 1497 566 1561 si
584 1508 725 1579 saperet,
745 1496 902 1560 mtutdus?

628 1600 823 1661 Ernhold.

290 1698 393 1762 Multa
411 1698 496 1781 scio,
519 1720 589 1782 queo
609 1691 749 1783 graviter
768 1710 839 1762 sunt
857 1700 1005 1775 ferendo,
1025 1702 1082 1765 sed
1102 1706 1240 1771 eaaliter

214 1801 312 1865 credo
333 1799 438 1881 colligi
457 1801 497 1862 ab
516 1800 569 1862 illo
590 1800 769 1864 tornionum
789 1801 1030 1876 concinnatum,
1050 1804 1101 1865 ‹tic
1123 1808 1222 1888 quse?

636 1901 802 1964 Hutten.

290 2001 368 2063 Trio
388 2002 489 2082 primo
510 2002 600 2076 loco,
634 2001 724 2083 quod
741 2000 877 2081 pessimo
894 1999 1153 2065 Florentiuorum
1171 2004 1239 2067 sac-

213 2099 258 2162 tio
278 2100 310 2160 in
332 2102 413 2162 urbo
432 2101 630 2176 dominetur,
645 2112 678 2161 et
698 2102 786 2184 quod
805 2121 864 2183 pro
878 2100 949 2161 Deo
962 2102 1141 2164 habendum
1155 2126 1239 2184 port-

213 2199 327 2261 tificem
343 2202 555 2264 adsentatores
572 2200 622 2261 sui
635 2213 779 2276 monent,
794 2202 948 2284 quodque
960 2201 1090 2264 nimium
1103 2204 1239 2267 licenter

212 2311 343 2381 usurpat
371 2301 421 2362 ille
450 2299 510 2363 sibi
544 2300 706 2364 veniarum
739 2299 945 2373 beneficium,
978 2310 1009 2361 et
1032 2302 1238 2385 anatliematis

211 2418 345 2485 poenam.

317 2571 323 2585 .
628 2499 820 2564 Ernhoto.

287 2602 415 2664 Vadisci
443 2599 606 2681 ingenium
638 2601 728 2662 valtlo
764 2600 893 2680 probo,
923 2610 1006 2663 tuam
1036 2597 1234 2680 diligentiam

210 2702 373 2777 collaudo,
394 2713 426 2761 et
446 2700 627 2762 memoriam
646 2696 786 2762 ‹lemiror
804 2701 908 2761 unice.
949 2701 1070 2761 Verum
1081 2700 1131 2761 alic
1142 2701 1233 2773 milii,

210 2800 265 2881 qui
294 2803 395 2862 omnia
421 2812 509 2860 terna
536 2801 612 2865 facit
639 2804 765 2875 Romu,
795 2822 870 2863 num
899 2810 961 2861 tres
989 2799 1081 2861 etiam
1107 2801 1232 2880 gladios

209 2898 318 2962 tribuit
339 2902 499 2981 pontifici,
534 2902 590 2985 qui
620 2903 701 2964 aluos
728 2900 844 2962 habere
870 2899 990 2961 solebat
1008 2920 1063 2962 sua
1082 2900 1233 2979 predica-

208 2998 315 3076 uone,
336 3004 531 3078 saecularem,
551 3014 583 3063 ot
601 3000 794 3084 spiritalem?

638 3103 801 3163 Hutten.

284 3202 354 3266 Jam
373 3213 435 3264 tres
454 3203 565 3277 babet,
586 3213 622 3264 ut
640 3199 885 3282 tripliccm'ante
905 3217 1072 3272 coronam,
1097 3198 1231 3269 occessit

207 3301 292 3366 enim
312 3303 439 3377 tertius,
460 3323 526 3385 quo
545 3303 657 3364 tondet
676 3321 806 3382 gregem
826 3319 917 3361 suum
936 3309 1043 3377 pastor
1063 3297 1113 3358 ille
1135 3296 1230 3359 Chri·

101 3460 103 3465 .
207 3404 245 3464 sti
263 3401 416 3475 vicarius,
449 3413 481 3461 et
509 3422 575 3484 quo
606 3411 727 3465 resecat
756 3397 862 3482 siquid
893 3399 1074 3469 ulcerosum
1101 3406 1164 3472 est,
1185 3416 1229 3457 nc

206 3501 355 3595 contagio
375 3502 536 3581 pervadat.

267 3656 278 3671 .
615 3594 819 3663 Ernh'olsl.

260 3703 349 3769 .Nee
367 3702 480 3766 sorliee
499 3701 563 3784 agit
581 3701 657 3775 hoc,
678 3710 712 3761 ut
732 3698 783 3760 alii
802 3695 970 3777 pastores?

617 3802 649 3862 H
662 3810 810 3862 utten.

280 3902 393 3967 Gladio
413 3904 492 3984 agit,
523 3912 559 3965 ut
578 3900 670 3963 simul
696 3911 826 3973 terreat,
854 3894 972 3978 alioqui
996 3894 1123 3958 tonderi
1145 3910 1227 3967 oves

189 4024 274 4069 ¹tton
294 4004 506 4077 sustinerent,
539 4012 606 4063 tum
636 3999 813 4061 interlicere
843 4017 1072 4077 nonnunquam
1097 4004 1228 4077 oportet

205 4107 342 4195 aliquas,
360 4107 422 4167 hoc
440 4102 542 4183 aptius
562 4105 598 4166 fit
616 4100 731 4179 gladio.

295 4198 300 4219 ⁴
608 4198 811 4263 Ernlroltl.

283 4306 313 4369 0
339 4303 495 4388 gladium!
525 4322 544 4363 o
574 4303 740 4382 pastorem!
776 4319 796 4359 o
817 4298 967 4361 tondere!
996 4317 1032 4359 sc
1058 4296 1224 4358 reserare!

207 4425 303 4490 quam
317 4405 395 4467 nihil
409 4403 457 4468 bis
476 4412 550 4466 cum
568 4400 697 4467 Christo
713 4396 880 4475 convenit,
907 4397 965 4480 qui
984 4396 1137 4477 apostolis
1155 4391 1225 4455 suis
