2632 5086
138 772 209 846 570
316 767 455 841 Alberti
480 764 649 864 :lechicp
677 768 724 838 sd
746 764 915 841 Leonem
936 767 982 842 X.

136 959 197 1025 lem
216 955 377 1022 sanctitati
397 958 538 1035 Vestrae,
564 956 656 1038 cujus
676 958 827 1042 equidem
847 960 1001 1022 bonorem
1029 970 1063 1023 ct
1082 981 1172 1023 eoru·

140 1060 270 1123 modum
295 1058 423 1138 respexi
452 1059 483 1121 in
516 1079 557 1119 co
583 1059 779 1140 expetendo,
814 1070 896 1132 tum,
927 1061 1016 1140 qarod
1040 1076 1172 1126 auream

140 1181 260 1235 rosam,
290 1161 355 1223 boe
383 1170 446 1232 est,
481 1161 613 1222 solenne
644 1181 756 1221 munus
787 1169 821 1220 et
845 1157 951 1221 animo
970 1181 1043 1221 meo
1071 1163 1172 1244 longe

143 1261 284 1324 omnium
305 1260 514 1339 gratissimum
543 1259 727 1333 donaverit,
761 1280 830 1341 qnae
858 1278 909 1321 res
930 1279 1018 1322 novo
1036 1259 1171 1324 vinculo

140 1381 245 1424 meum
266 1359 456 1442 obsequium
468 1360 589 1422 Vestrae
604 1359 763 1423 sanctitati
783 1359 942 1434 astrinxit,
972 1371 1007 1422 ut
1027 1360 1085 1442 qui
1104 1361 1173 1441 pri-

140 1461 213 1524 dem
232 1444 280 1523 bri
300 1460 574 1541 diligentissimus,
606 1460 703 1521 modo
730 1460 788 1520 sim
807 1460 907 1522 multo
926 1459 1111 1541 diligentior
1131 1463 1172 1523 ad

145 1560 332 1624 obedientiae
360 1559 521 1642 obsequia.
551 1560 639 1629 Nam'·
661 1562 810 1623 haetenus
835 1561 909 1622 lieet
925 1558 1087 1642 injussus,
1113 1563 1173 1624 de·

141 1659 198 1724 biti
220 1673 322 1722 tamen
341 1680 462 1721 memor
480 1680 593 1740 magere
609 1660 773 1722 sedulitate
794 1660 952 1736 laboravi,
980 1681 1044 1722 non
1065 1663 1172 1726 solum

145 1760 279 1824 Hutteni
298 1761 419 1823 libellos
440 1759 613 1843 flagitiosos
633 1760 759 1847 aurierre
780 1760 819 1822 tle
838 1758 982 1824 minibus
1002 1762 1172 1835 lectorum,

144 1861 201 1944 qui
225 1859 374 1939 publicati
401 1868 505 1935 erant,
537 1860 720 1942 priusquam
745 1859 816 1938 ejus
839 1860 889 1922 rei
913 1862 965 1924 vel
991 1865 1094 1924 tenuis
1116 1884 1173 1924 su-

146 1959 248 2043 spicio
268 1968 307 2020 ad
327 1980 378 2022 mc
399 1958 539 2036 veniret,
572 1961 628 2023 sed
648 1959 740 2022 etiam
763 1959 1019 2024 seditiosissimus
1039 1962 1172 2024 furores

145 2059 291 2124 Lutberii
312 2060 480 2123 etiamnum
498 2059 721 2124 subnascentes
743 2059 924 2140 opprimere
945 2062 1063 2148 studui,
1084 2074 1115 2122 ct
1137 2061 1172 2125 in

142 2162 207 2224 hoc
225 2160 453 2223 commonefeci
472 2159 608 2241 primum
626 2174 773 2244 quartum
791 2160 857 2222 scio
878 2162 982 2223 Sanct.
998 2162 1088 2223 Vest.
1110 2163 1171 2244 qui

143 2279 249 2335 nunc,
271 2260 482 2339 prohdolor!
510 2260 683 2322 vastissimo
704 2261 863 2344 quondam
882 2258 1028 2323 inccndio
1047 2280 1170 2340 prope-

143 2359 272 2423 modum
289 2358 469 2422 universam
481 2359 680 2425 Germaniam
697 2359 930 2440 corripuerunt.
949 2393 981 2404 -
1002 2359 1167 2442 Equidem

143 2479 226 2524 vero
244 2458 319 2524 nibil
339 2482 406 2523 uon
425 2461 561 2537 tentavi,
587 2461 677 2546 quod
703 2481 746 2522 ex
771 2459 1171 2538 consilio-Theologorum

144 2572 176 2624 et
194 2562 472 2642 Jurisprudentum
493 2581 674 2642 acceperam
700 2556 740 2623 ad
771 2583 838 2625 rem
862 2560 934 2624 sore
953 2560 1169 2621 conducibile.

141 2660 299 2726 Preietos
319 2659 491 2724 abalienari
521 2681 540 2721 a
557 2678 610 2723 me
630 2678 840 2745 qrroseunque
862 2660 1031 2725 olieeemm
1051 2658 1172 2721 abalie-

144 2770 238 2823 natos
257 2782 275 2821 a
297 2757 403 2821 studio
424 2756 598 2823 sanctitatis
619 2761 740 2823 Vestrae
759 2762 849 2844 qarod
866 2755 976 2823 uidere
995 2770 1042 2824 est
1061 2760 1094 2821 in
1113 2760 1171 2823 Ul·

146 2858 236 2924 richo
250 2861 410 2931 Hutteno,
432 2878 535 2939 nuper
547 2856 707 2923 carissimo
720 2860 804 2933 milri,
826 2859 1082 2944 quemiemulitio
1095 2880 1170 2923 meo

36 3042 39 3047 Ι
146 2958 248 3025 statim
268 2958 407 3035 exclusi,
425 2940 604 3044 ‘postquam
624 2982 708 3023 eram
727 2958 843 3024 certior
864 2960 965 3023 lactus
984 2961 1024 3022 de
1043 2958 1169 3036 libello,

143 3074 239 3144 quem
263 3055 385 3147 scripsit
411 3059 443 3120 in
465 3060 547 3123 Ber.
575 3059 772 3125 cardinalem
800 3060 831 3122 S.
855 3059 952 3136 Sixti,
981 3058 1099 3128 deinde
1126 3081 1170 3122 ex

145 3157 419 3239 Magdebnrgensi
459 3158 586 3222 dioecesi
609 3161 828 3243 Moguutiam'
846 3179 995 3223 reuersus
1028 3158 1172 3242 cognovi

146 3259 356 3323 abominanda
379 3261 522 3344 quedam
546 3262 586 3324 ab
605 3264 719 3326 eodem
746 3260 808 3323 illic
825 3257 982 3346 publicata
999 3270 1033 3323 et
1051 3280 1172 3324 creusa

145 3359 256 3424 ecive
285 3358 423 3444 quodem
455 3361 662 3446 Mogontino.
698 3361 782 3424 Nihil
809 3361 899 3444 potui
921 3358 953 3424 in
974 3362 1170 3434 Huttenum,

148 3458 205 3544 qui
237 3479 272 3521 se
296 3458 510 3524 munitissimis
540 3462 665 3526 arcibus
697 3462 736 3524 irr
755 3463 839 3525 bunc
859 3481 960 3546 usque
987 3461 1072 3524 diem
1091 3482 1172 3523 con·

146 3562 243 3638 tinet,
262 3570 296 3624 et
315 3558 519 3625 fortissimam
537 3582 662 3626 manum
682 3561 825 3645 equitum
843 3573 881 3625 ut
899 3560 1013 3635 audio,
1032 3580 1173 3643 congre·

145 3681 223 3748 gare
242 3672 348 3746 potest
358 3708 367 3740 ,
390 3663 515 3747 quoties
534 3662 565 3725 ei
583 3663 715 3726 lubitum
734 3673 800 3738 cst,
819 3662 901 3725 adeo
920 3670 956 3723 ut
973 3659 1047 3724 mibi
1065 3681 1178 3743 prope

61 3802 66 3817 ·
143 3761 352 3828 formidabilis
376 3761 426 3825 sit.
472 3763 553 3846 Egi,
581 3765 669 3846 qnod
688 3784 739 3827 res
757 3762 844 3838 tulit,
866 3762 982 3825 omisso
1003 3761 1170 3837 Hancne,

147 3861 240 3946 eujus
260 3862 370 3944 eopia,
397 3861 444 3925 uti
463 3862 547 3940 dixi,
570 3885 635 3929 non
660 3874 744 3939 erat,
772 3861 919 3943 injuriam
937 3870 1116 3924 attentatam
1136 3860 1172 3922 in

146 3964 339 4048 'lttpreeeore
371 3961 547 4041 vindicavi,
580 3984 676 4046 quem
704 3983 792 4027 noro
818 3965 964 4045 exemplo
989 3981 1047 4044 per
1077 3962 1173 4023 licto·

145 4084 200 4131 res
232 4064 265 4128 in
296 4082 456 4129 carcerem
482 4063 684 4128 durissimum
712 4064 924 4126 coercendum
951 4060 1080 4138 curavi,
1111 4060 1174 4124 ob-

146 4162 350 4231 sectantibus.
382 4164 475 4231 etiam
513 4165 616 4228 multis
647 4186 689 4227 ex
718 4163 903 4245 proceribus
941 4184 982 4225 ne
1019 4161 1174 4226 iacerem.

146 4265 274 4333 Deinde
293 4266 380 4347 cavi,
401 4282 441 4331 ne
457 4265 532 4349 'quis
552 4263 711 4345 ejusmodi
731 4263 958 4331 contumeliosa
975 4273 1008 4326 et
1025 4262 1058 4326 in
1079 4259 1174 4327 dimi·
