2632 5086
241 784 315 877 Ι690
463 794 519 871 Ad
546 796 718 871 Carolnm
746 797 837 895 Reg.
864 797 969 895 epist

243 987 369 1051 auribus
390 985 548 1065 adimere,
567 987 728 1068 premium
748 987 802 1050 abs
822 998 854 1050 te
873 988 1085 1070 postularem,
1104 997 1229 1051 tantum
1251 1007 1270 1049 a

242 1089 387 1167 supplicii
407 1101 493 1152 metu
512 1090 662 1152 abessem.
710 1090 819 1165 Nunc,
841 1089 897 1172 qui
915 1089 1041 1150 beatum
1060 1108 1111 1149 me
1129 1089 1276 1150 arbitra*

241 1207 310 1263 res,
342 1189 368 1250 si
389 1191 449 1251 boc
469 1189 689 1272 perfecissem,
715 1189 865 1252 miserum
891 1209 957 1250 non
976 1188 1077 1260 duco,
1096 1186 1123 1247 si
1143 1186 1265 1251 frustra

241 1299 374 1351 conatus
395 1310 474 1352 sum.
512 1289 576 1352 Sed
597 1289 672 1352 nibil
693 1287 810 1351 frustra
832 1300 934 1352 actum
952 1307 1032 1350 arne
1045 1283 1211 1363 existimo,
1233 1299 1266 1350 te

242 1389 377 1450 animum
397 1390 563 1472 exigente,
592 1401 623 1452 te
643 1389 818 1451 necessaria
844 1390 884 1451 de
905 1406 997 1450 causa
1017 1384 1187 1447 vinidictam
1209 1388 1266 1448 ad·

240 1494 396 1551 uertente..
445 1486 599 1553 Videmus
615 1491 733 1553 infinite
754 1492 863 1571 augeri
889 1488 1000 1561 hodie,
1034 1507 1103 1567 que
1121 1487 1263 1567 tnajorcs

239 1598 312 1649 ante
335 1590 440 1650 nostri
454 1591 606 1680 cumulata
631 1591 699 1673 pius
719 1590 791 1652 satis
811 1589 971 1670 putabant.
1009 1585 1184 1661 Videmus,
1204 1588 1263 1649 sed

238 1689 272 1748 te
303 1706 435 1750 monere
465 1709 531 1751 non
563 1691 723 1753 audemus.
784 1691 862 1769 Qua
893 1687 1045 1760 servitus,
1081 1688 1262 1748 immortalis

239 1783 378 1848 Christe!
399 1808 468 1870 quie
488 1792 646 1870 eaptivitas
668 1792 725 1850 ista
740 1793 801 1851 est!
818 1792 883 1852 Aut
903 1807 1074 1872 quousque
1089 1788 1262 1849 adversum

236 1885 437 1950 fortissimos¹
453 1910 545 1971 reges
571 1900 603 1952 et
632 1892 768 1971 populos
787 1887 894 1949 invicti
921 1887 1097 1970 nugacibus
1115 1887 1208 1949 bullis
1230 1898 1261 1948 et

235 1984 379 2049 inanibus
399 2007 543 2069 paremus
563 1988 698 2052 sabulis?
724 1989 843 2050 Siccine
863 1989 963 2050 omnis
984 1990 1136 2050 exstincta
1156 1986 1259 2048 uirtus

236 2097 301 2160 est,
334 2086 435 2150 omnis
467 2090 669 2150 aGermauia
688 2086 842 2150 fortitudo
862 2087 1009 2149 exsulat?
1041 2086 1124 2148 Nihil
1144 2088 1259 2163 animi,

235 2186 308 2247 nihii
329 2190 458 2262 mentis,
489 2190 562 2249 nihil
581 2208 691 2250 sensus
710 2189 851 2249 relictum
869 2186 939 2248 cst?
959 2185 1022 2248 Sed
1039 2186 1121 2250 bene
1140 2187 1260 2267 agitur.

237 2282 288 2347 Tc
309 2286 399 2372 nobis
419 2285 503 2347 hona
521 2287 646 2348 fortuna
661 2288 757 2348 dedit.
797 2287 846 2348 Te
860 2286 1008 2366 singulari
1026 2286 1157 2367 madan
1176 2306 1259 2367 erga

235 2384 365 2465 patriam
391 2385 469 2448 hanc
487 2385 697 2449 misericordia
725 2398 757 2448 et
783 2387 971 2467 benignitate
989 2384 1131 2448 Christus
1150 2385 1254 2462 misit,

235 2483 350 2548 (latoio
375 2489 538 2570 Auguste!
572 2489 627 2570 qtri
654 2489 795 2568 inspicias
821 2488 902 2560 baete,
936 2485 1051 2569 quique
1082 2485 1250 2548 emendes!

234 2586 329 2669 Quod
357 2597 389 2649 te
415 2588 493 2650 adeo
513 2588 621 2651 iacere
640 2589 731 2663 volo,
765 2597 801 2649 ut
819 2587 861 2648 de
873 2606 933 2648 me
952 2584 1095 2648 sollicitus
1118 2586 1255 2666 amptius

187 2766 190 2772 Ι
233 2698 299 2748 'non
319 2688 391 2748 sim:
411 2706 526 2768 meque
545 2687 616 2748 satis
637 2688 750 2750 vixisse
768 2697 893 2767 putem,
921 2687 947 2748 si
967 2703 1033 2767 quo
1052 2684 1170 2764 scriptis
1192 2704 1256 2764 ego

237 2796 270 2846 et
289 2788 428 2846 oratione
447 2787 585 2849 hortatus
605 2807 690 2862 sum,
710 2789 771 2849 huc
790 2797 821 2846 te
840 2785 928 2846 iactis
949 2785 995 2845 ire
1014 2781 1147 2843 videams
1184 2783 1256 2844 Au-

230 2883 298 2948 dies
317 2895 420 2947 tamen
440 2906 564 2948 causam
583 2889 678 2963 banc,
707 2898 740 2949 et
757 2884 918 2964 judicabis.
962 2883 1098 2947 Omnem
1118 2901 1253 2963 cognos-

229 2996 323 3049 cente
341 2997 373 3049 te
391 2986 496 3050 dicere
515 2988 619 3050 liceat!
640 2986 828 3057 sedlieebit.
867 2986 947 3047 Nam
965 2986 1058 3047 alium
1085 3000 1146 3063 ego
1174 3003 1254 3062 pra·

230 3088 341 3150 terte
368 3086 505 3167 judicem
534 3106 595 3148 neo
622 3086 723 3150 debeo
744 3085 882 3160 babere,
912 3103 971 3145 nec
997 3083 1084 3146 ferre
1113 3100 1252 3163 possum.

228 3190 337 3270 Atque
364 3190 473 3266 igitur,
510 3186 587 3267 quid
606 3207 678 3250 cum
703 3190 849 3268 episcopo
876 3186 1015 3247 Romano
1044 3182 1142 3263 equiti
1170 3182 1254 3243 Ger·

228 3287 344 3351 mano?
364 3288 428 3349 Sed
447 3288 512 3348 baec
531 3303 565 3348 tu
585 3298 713 3350 statues.
751 3289 822 3368 Ego
841 3285 963 3346 interim
982 3300 1044 3342 non
1057 3283 1175 3360 patiar,
1197 3282 1255 3342 im·

227 3389 351 3467 perium
372 3389 447 3460 boc,
468 3405 649 3469 nomenque
670 3389 906 3459 Germanicum,
927 3404 944 3445 a
963 3402 1122 3466 quoquam
1141 3381 1253 3443 haberi

126 3485 128 3488 ’
201 3465 369 3547 'ludibrio
408 3484 469 3546 Ubi
495 3485 519 3544 si
546 3505 608 3546 non
636 3507 763 3566 possum
785 3486 883 3559 aliud,
917 3482 1107 3544 hocfacinm
1127 3498 1252 3556 umen,

135 3618 137 3629 =
227 3583 315 3666 quod
337 3583 473 3644 utiimere
492 3602 584 3645 nemo
610 3597 731 3664 potest;
763 3597 798 3648 ut
826 3585 946 3645 occulte
976 3601 1099 3644 mecum
1115 3581 1253 3644 iremam

226 3684 439 3765 indignitatem
456 3687 503 3747 rei
511 3705 519 3745 t
539 3704 576 3758 ac
590 3684 767 3762 fortunam,
788 3707 857 3768 quae
872 3685 995 3745 conatui
1014 3703 1085 3744 meo
1098 3682 1254 3760 defuerit,

227 3803 381 3846 accusem.
420 3783 517 3858 Vale,
535 3780 724 3868 imperator,
741 3784 896 3868 uobisque
914 3785 968 3846 diu
985 3798 1145 3864 superstes
1159 3785 1254 3851 vivet

227 3883 415 3948 MD-XX·
428 3904 471 3945 ιιι.
486 3884 570 3966 Sept.
