2618 5094
548 494 554 501 .

193 806 264 879 att
474 799 534 870 De
563 798 714 898 Guajaci
740 797 932 871 medicina.

191 992 300 1056 dicunt
326 989 489 1065 omuibus,
518 988 575 1073 qui
601 1008 643 1050 ex
662 990 724 1052 hoc
745 989 860 1053 morbo
880 991 1116 1069 convaluerint,
1138 1007 1217 1076 puto

191 1096 264 1181 quia
283 1115 400 1157 nemos
420 1092 582 1155 emolliunt
599 1112 635 1151 ac
652 1093 835 1167 resolvunt,
857 1103 1030 1175 vetantque
1051 1114 1131 1176 aqua
1146 1115 1219 1176 pcr-

188 1197 292 1261 luntli.
328 1195 461 1279 Alioqui
480 1192 661 1256 stulationes
681 1212 748 1253 nou
774 1192 993 1271 improbando.
1032 1197 1218 1276 Aquamer·

189 1299 237 1360 vis
260 1298 373 1373 officit,
394 1296 577 1359 Alexander
600 1291 720 1375 inquit,
749 1292 842 1353 etiam
870 1294 986 1366 calida,
1013 1314 1126 1357 verum
1151 1316 1218 1358 nou

190 1402 262 1485 quia
288 1398 405 1472 calida,
437 1396 494 1458 sed
514 1395 586 1479 quia
614 1393 749 1455 humida.
789 1392 933 1456 Calidum
953 1395 1112 1457 lavacrum
1132 1416 1219 1457 com·

188 1500 339 1572 mendane
361 1499 478 1560 Paulus
495 1496 540 1559 sic
561 1493 682 1578 iuquit:
715 1491 815 1553 Solvit
831 1491 1067 1575 fatigationem,
1090 1495 1219 1558 discutit

189 1598 433 1681 plenitudinem,
454 1595 611 1670 calefacit,
632 1592 784 1674 mittigat,
804 1593 918 1667 mollit,
943 1594 1035 1655 {latus
1056 1593 1216 1670 diffundit,

189 1721 334 1783 somnum
354 1697 466 1773 allicit,
494 1698 713 1777 corpulentum
740 1692 854 1756 reddit.
891 1694 948 1757 Est
971 1714 1050 1755 xero
1075 1714 1217 1755 commo·

189 1798 351 1863 dissimum
379 1797 496 1881 cuique
523 1798 595 1859 viro
622 1807 654 1857 et
673 1793 813 1869 mulieri,
840 1814 942 1875 puero
962 1805 994 1855 et
1013 1795 1081 1856 seni
1101 1807 1132 1855 et
1151 1795 1217 1875 pri·

188 1899 278 1963 vatis.
318 1898 369 1961 Sic
397 1899 525 1960 Paulus.
563 1898 685 1958 Ventm
706 1896 766 1956 hoc
795 1911 938 1973 tempore
956 1915 1022 1955 non
1040 1892 1100 1956 nisi
1121 1894 1215 1956 raris·

187 1998 265 2063 sime
290 2000 393 2061 lavant
412 1996 496 2072 Itali,
528 1998 617 2079 quod
637 1996 759 2070 miror,
787 1982 858 2056 curn
878 1994 1021 2077 quotidie
1040 1995 1123 2057 soliti
1143 1999 1217 2058 olim

186 2096 265 2172 alet,
297 2114 332 2159 ut
358 2095 453 2158 litere
481 2106 650 2156 testantur.
680 2106 712 2156 ct
740 2097 930 2157 thcrurarum
951 2097 1059 2157 Rornae
1082 2096 1218 2175 vestigia

187 2199 314 2261 urbium
336 2197 370 2260 in
389 2215 510 2257 morem
536 2196 807 2257 exactlisteatarnur.
846 2196 883 2257 ln
903 2196 1061 2257 exercitiis
1087 2198 1216 2258 modum

188 2318 258 2363 estc
278 2296 508 2360 atlservandutu
528 2297 666 2357 Galernrs
689 2296 793 2357 docet.
832 2294 1146 2372 immoderationem,
1170 2297 1216 2358 in·

187 2400 323 2486 quiens,
350 2419 412 2480 ego
431 2397 554 2478 ubique
574 2394 732 2475 vitupero.
771 2396 859 2458 ldcm
878 2395 935 2457 ait:
975 2397 1061 2458 Sicut
1081 2398 1216 2460 maxime

188 2501 391 2564 courmoclum
410 2510 458 2561 est
477 2498 516 2561 ad
536 2495 697 2558 sanitatem
724 2514 794 2558 ante
815 2496 920 2559 cibum
940 2498 1149 2572 exercitium,
1176 2501 1217 2560 ita

127 2590 130 2597 ¹
188 2600 429 2665 nocentissimus
461 2598 561 2660 omnis
596 2616 669 2677 post
698 2597 875 2659 atlsumtum
905 2618 977 2659 enm
1006 2609 1121 2660 motus.
1159 2599 1216 2660 lli·

188 2699 354 2761 atribuitur
379 2696 464 2759 enim
496 2719 536 2759 ex
562 2709 674 2758 ventre
699 2696 807 2771 cibus,
838 2708 1004 2781 autequam
1035 2699 1213 2779 digeratur,

188 2810 220 2862 et
240 2798 357 2861 exinde
380 2797 548 2861 multitudo
568 2800 740 2860 crudorum
763 2808 954 2879 aggregatur
973 2799 1141 2861 humorum
1166 2822 1216 2862 sc·

187 2901 327 2963 cundum
354 2919 473 2976 venas,
508 2899 594 2961 unde
626 2897 828 2979 aegritudines
856 2899 1002 2979 generari
1026 2900 1216 2963 omnimode

187 3017 434 3066 consueverunt.
474 2999 608 3062 Tamdiu
634 2998 853 3061 exercitationi
879 2998 1106 3085 indulgendum
1132 3001 1217 3064 Pau·

185 3102 236 3167 lus
261 3103 390 3177 suadet,
421 3101 529 3185 quoad
548 3100 581 3163 in
599 3111 757 3163 tumorem
776 3120 892 3181 corpus
912 3101 1085 3175 attollatur,
1110 3112 1143 3162 et
1161 3123 1216 3164 ru·

186 3202 311 3278 bescat,
338 3214 370 3265 et
390 3214 495 3264 motus
523 3201 605 3263 firmi
632 3200 799 3282 aequabiles
828 3212 859 3261 et
877 3199 983 3263 faciles
1010 3200 1089 3277 sint,
1118 3213 1216 3284 atque

187 3304 287 3366 sudor
309 3304 423 3383 vapori
448 3303 593 3364 videatur
609 3299 816 3363 commisceri.
858 3299 1095 3382 Quiesceudum
1111 3314 1216 3366 autem

187 3412 263 3465 tuuc
289 3401 442 3481 primum,
469 3421 542 3465 cum
561 3422 602 3463 ex
628 3402 779 3480 predictis
804 3413 942 3465 mutetur
963 3403 1091 3486 aliquid.
1128 3404 1215 3465 Dau-

188 3502 259 3565 dem
278 3512 310 3564 et
328 3501 471 3585 quietem
492 3500 522 3562 ci
541 3501 693 3567 membro,
712 3503 800 3584 qnod
819 3503 942 3567 sanitati
967 3525 1069 3584 nuper
1088 3506 1215 3568 restitu-

187 3612 254 3667 lttm
266 3599 307 3665 sit
322 3613 462 3664 mouent.
494 3602 604 3683 ltaque
625 3602 714 3681 pedis
727 3603 902 3666 rcmedium
920 3604 1010 3685 quies
1026 3617 1091 3682 est,
1111 3606 1217 3689 inquit

185 3698 411 3785 ffippocrates.
448 3702 542 3767 Unde
572 3702 754 3779 Alexander
784 3704 925 3779 colligit,
960 3707 1048 3786 quod
1073 3717 1215 3768 curatum

186 3799 379 3881 turonen,
399 3802 566 3885 quiescere
581 3814 742 3884 oportere.
771 3802 883 3867 illotus
898 3789 1000 3880 eninr,
1018 3808 1073 3880 ait,
1093 3808 1216 3868 conllu·

187 3902 275 3969 viutu
294 3903 358 3987 agit
380 3904 516 3966 materiae
540 3924 759 3984 supervacuae,
788 3926 857 3987 quse
882 3908 1019 3968 excitare
1044 3918 1148 3988 potest
1168 3907 1215 3968 in·

186 4005 439 4071 nnumanmem.
477 4003 631 4087 Equitare
657 4005 687 4066 ci
709 4004 760 4093 cui
781 4026 882 4088 genua
910 4006 1018 4069 dolent
1040 4007 1216 4070 inimicissi-

186 4126 288 4181 mum,
308 4105 422 4170 Celsus
439 4103 492 4168 ait.
531 4106 619 4167 lderu
635 4105 777 4188 equitare
795 4108 975 4187 podagricis
992 4128 1123 4189 quoque
1141 4108 1215 4169 alie·

185 4224 263 4279 num
284 4205 450 4269 existimat.
488 4206 581 4265 Voce
601 4208 792 4291 exercebant
813 4228 847 4269 se
869 4219 991 4271 veteres
1016 4208 1124 4283 ctiam,
1146 4209 1215 4271 sive

187 4316 353 4368 emeretur
384 4304 524 4388 aliquid,
557 4306 632 4367 sive'
652 4308 766 4371 claritas
799 4311 968 4390 legeretur.
1007 4308 1084 4370 Dixi
1109 4309 1215 4371 obiter

185 4414 390 4468 metaurum
406 4406 472 4469 aee
489 4426 558 4481 me,
578 4417 611 4469 et
627 4410 712 4471 nulla
733 4428 848 4491 magna
866 4428 959 4483 cura,
980 4409 1037 4473 sed
1055 4421 1090 4471 ut
1110 4411 1213 4492 quod·
