2632 5086
422 718 590 852 Fortuna
610 715 800 819 Dialogus.
1042 726 1112 801 3⁶1

93 911 274 988 adducunt,
304 931 364 974 cur
392 930 622 995 nonnunquam
654 910 738 975 bane
765 932 835 976 esse
861 914 949 980 malis
980 916 1063 997 palia
1121 972 1130 981 .

93 1013 200 1084 Deus,
221 1024 330 1075 eontra
350 1013 405 1075 ubi
423 1013 570 1076 acerbum
585 1023 633 1076 est
651 1012 741 1098 quoti
766 1014 889 1092 evenit,
922 928 1128 1081 nullumi:

91 1108 292 1190 impunitum,
307 1114 432 1190 dieunt,
448 1116 535 1194 apud
550 1115 655 1177 Deum
670 1117 801 1191 malurn,
816 1115 910 1179 sicuti
922 1138 982 1197 nee
994 1119 1116 1205 bonum
1175 1145 1178 1149 ·

96 1224 349 1275 rr‹·mnne1·atum
377 1215 530 1296 aliquod,
558 1224 611 1276 aut
634 1235 735 1290 vero,
765 1216 902 1280 sciebam
931 1202 1116 1299 puniturum

91 1312 226 1375 hominis
246 1312 476 1394 improbitatem
499 1315 620 1391 Deum,
650 1319 701 1378 vel
722 1317 799 1380 illud
821 1329 975 1400 usurpant
995 1320 1116 1383 Home·

91 1411 213 1485 sicum,
238 1414 312 1487 Εχιι
332 1419 398 1478 θεός
425 1413 535 1479 ἔκδικον
556 1416 650 1487 lpus,
675 1418 921 1502 protlueuntque
938 1420 972 1482 in
991 1420 1116 1485 tertiam

93 1533 323 1596 nonnunquam
337 1519 572 1597 generationem
590 1517 777 1597 suppliciunt
790 1518 942 1609 diuinum.
981 1522 1014 1583 Si
1032 1543 1115 1604 rprae-

90 1612 272 1690 sistamur,
295 1637 358 1698 ego
382 1618 461 1699 quid
481 1619 610 1680 sentiam
626 1619 666 1679 de
682 1629 834 1696 tyranno,
854 1620 881 1682 si
900 1619 1033 1696 resiliat,
1052 1622 1115 1685 Dei

90 1715 286 1777 voluntalem
301 1737 371 1779 esse
390 1719 582 1794 arbitrabor,
598 1719 647 1780 ille
664 1740 801 1800 namque
819 1718 857 1781 iis
874 1718 964 1781 laetis
979 1721 1117 1783 ostendit

89 1827 152 1887 lroe
170 1844 205 1883 se
224 1840 344 1895 posse,
366 1821 453 1901 qued
474 1819 623 1902 seriptum
644 1829 708 1882 ost:
728 1818 885 1901 Deposuit
904 1831 1049 1902 potentes
1074 1821 1115 1886 de

88 1925 185 2000 sede,
206 1932 237 1984 et
258 1920 407 1982 exaltavit
425 1919 567 1984 humiles.

506 2022 700 2085 Fortuna.

168 2129 405 2201 Ostentatorem
416 2123 521 2185 Deum
536 2142 661 2198 narras,
681 2123 737 2184 sed
750 2122 891 2186 desinam
908 2144 1051 2206 quaerere
1066 2123 1117 2199 ea,
1216 2172 1222 2177 -

89 2231 130 2293 ad
159 2251 231 2312 que
256 2238 288 2286 te
316 2226 396 2287 male
421 2244 649 2304 responsurum
679 2221 741 2303 jam
768 2224 946 2299 antemio,
977 2225 1038 2301 illi,
1059 2226 1116 2309 qui

88 2340 222 2394 eventus
247 2347 354 2390 return
385 2323 430 2386 sie
458 2323 724 2404 interpretantur,
759 2335 796 2385 nt
819 2324 882 2400 ais,
910 2323 1009 2407 inepti
1039 2326 1116 2391 milti

12 2463 14 2469 ν
87 2430 253 2501 videntur,
275 2439 306 2490 et
326 2425 402 2488 odio
415 2424 518 2506 digni,
540 2422 797 2507 qnandotpiidem
811 2424 1018 2488 hocconsilio
1032 2428 1116 2488 nuri·

87 2551 185 2615 quarn
211 2527 287 2609 ipsis
304 2528 394 2589 deest
413 2524 511 2601 ratio,
532 2525 687 2608 quiequid
706 2536 778 2587 utut
794 2536 921 2608 agatur,
945 2546 1040 2611 quam
1058 2527 1114 2590 ad·

87 2633 212 2706 lerant,
233 2628 290 2690 sed
309 2627 468 2709 quodnam
489 2627 551 2687 hoc
575 2625 738 2689 hominum
758 2646 859 2711 genus
876 2625 950 2691 est?

511 2727 687 2789 Hutten.

168 2825 326 2910 Theologi
346 2839 513 2891 vocantur.

376 2916 380 2929 ’
508 2925 700 2990 Fortuna.

165 3030 273 3112 Atque
296 3027 392 3091 iidem
411 3050 479 3091 non
499 3027 629 3108 eupiunt
650 3025 743 3091 ditari
767 3026 926 3090 interdum
942 3036 975 3087 ot
993 3024 1080 3108 ipsi?-

519 3128 688 3190 Hutten.

162 3231 262 3294 lmrno
283 3251 362 3292 vero
383 3229 524 3311 pecuniae
544 3228 649 3291 studio
667 3239 815 3291 tenentur
836 3223 998 3311 inprimis,
1026 3250 1113 3316 quse·

85 3343 226 3414 runttpie
243 3354 278 3392 re
295 3350 369 3426 vera
383 3328 521 3405 (lividas,
542 3349 613 3391 eum
632 3328 715 3390 inani
730 3328 833 3392 verbo
845 3330 1056 3406 detestentur,
1075 3341 1111 3393 ut

86 3456 154 3496 rem
171 3432 332 3505 frivolam,
359 3442 390 3492 et
405 3428 559 3492 felicitatis
577 3440 758 3511 expertem,
777 3430 1044 3512 quemadmodum
1058 3430 1111 3495 itte

86 3532 264 3615 Mogontia
287 3552 409 3611 nuper,
430 3551 502 3593 eum
521 3540 586 3593 tota
607 3531 670 3594 vita
690 3533 912 3611 proclamasset
930 3531 963 3593 in
983 3530 1110 3608 divites,

88 3646 120 3696 et
136 3632 299 3712 pecuniam
316 3633 494 3694 damnasset
505 3643 664 3709 extreme,
685 3631 820 3714 ejusque
834 3652 926 3694 usum
938 3634 1111 3714 relegasset

89 3733 129 3794 ab
162 3732 247 3794 omiti
286 3732 466 3814 longissime
495 3732 667 3811 probitate,
694 3744 726 3794 et
750 3731 949 3808 innocentia,
969 3733 1109 3797 moriens

88 3834 214 3915 relisprit
231 3833 298 3893 mni
319 3834 411 3893 valde
427 3834 574 3904 inultum,
595 3833 693 3917 idque
711 3832 874 3896 delossum
888 3833 1017 3917 partim,
1037 3831 1109 3915 ejus

87 3934 321 4013 possessionem
343 3933 488 3997 invidens
510 3934 645 3997 arbitror
665 3933 812 4016 posteris.

503 4035 697 4098 Fortuna.

160 4132 257 4209 Digni
297 4135 413 4218 quibus
452 4156 613 4218 nunquam
647 4136 731 4198 bene
765 4135 915 4214 eveniat,
949 4134 1108 4221 siquidem

83 4234 160 4296 tales
199 4246 295 4311 sunt,
334 4235 392 4299 tibi
423 4257 503 4300 vero
532 4248 569 4298 ut
593 4236 676 4299 bene
701 4237 759 4314 sit,
791 4237 900 4299 labore
927 4236 1106 4303 conandum

83 4345 242 4397 existimo.
