2632 5086
356 716 464 807 Trias
485 718 654 796 Romana
677 716 862 821 Dialogus.
1045 722 1118 799 465

513 911 692 981 ¹liutten.

159 1013 324 1099 Siquidem
343 1010 461 1077 habere
480 1015 608 1089 rotent,
629 1031 696 1098 quo
714 1031 756 1076 ne
773 1008 815 1076 sit
828 1009 989 1077 scortsaidi
1005 1013 1120 1080 aean

81 1116 218 1180 sermio.

502 1212 704 1277 Ernhold.

166 1316 293 1392 Placet,
315 1313 388 1400 quia
407 1333 515 1398 neque
526 1337 586 1378 nos
597 1313 836 1398 prohibebimur
846 1325 923 1377 tuns
936 1332 1005 1383 eras
1018 1333 1119 1381 sacar·

85 1419 189 1481 dotes.

504 1514 676 1579 Hutten.

158 1618 301 1700 Opinor,
331 1617 487 1681 Vadiscus
515 1616 643 1700 quidem
662 1634 732 1708 esse
750 1611 839 1696 prius
858 1613 962 1690 nolet,
995 1613 1040 1679 sie
1060 1616 1126 1711 hog

81 1717 156 1780 mini
176 1718 357 1797 displicent,
386 1740 456 1801 qua·
475 1717 509 1781 in
530 1721 589 1780 hoc
619 1716 732 1778 ordine
752 1732 845 1793 sunt,
872 1715 996 1791 omnia,
1023 1714 1121 1797 inpri-

82 1816 140 1879 mis
161 1817 237 1880 urbs
258 1818 380 1892 Roma,
397 1838 496 1901 quam
515 1815 665 1880 detestari
684 1834 779 1878 nemo
798 1813 885 1876 visus
898 1824 947 1876 est
958 1814 1119 1880 disertius.

84 1915 168 1978 Mihi
189 1916 318 1999 quidem
336 1919 433 1980 multa
454 1918 488 1980 in
508 1917 691 1981 memoriam
709 1914 889 1991 revocavit,
915 1935 1054 1998 quorum
1072 1927 1122 1979 est

82 2015 144 2075 hoc
165 2014 290 2097 insigne
310 2036 424 2094 unum,
452 2020 542 2100 quod
560 2017 722 2081 hominum
741 2017 845 2079 adhuc
863 2015 1016 2078 memoria
1034 2017 1122 2100 prin·

84 2117 169 2193 cipes
198 2126 317 2178 tantum
348 2119 495 2183 ecclesias
525 2119 649 2183 locabat
680 2115 846 2196 pontifex,
885 2126 918 2177 et
949 2115 1122 2199 episcopos

82 2216 305 2293 confirmabat,
333 2217 532 2302 inventaria
552 2230 600 2283 est
617 2216 881 2301 prepositorum,
911 2215 1122 2294 decanorum,

82 2326 115 2379 st
147 2315 393 2395 canonicorum,
431 2329 467 2380 ut
505 2319 536 2381 ei
569 2320 705 2382 foeneret
738 2306 892 2389 initiatio;
927 2314 1027 2399 idque
1055 2336 1123 2379 nou

81 2417 245 2498 papalibus
265 2429 401 2494 tantum,
431 2440 514 2501 quos
536 2420 597 2484 sibi
617 2420 833 2500 desumpserat
853 2414 1030 2491 mensibus,
1065 2415 1124 2480 sed
1215 2475 1218 2481 .

84 2516 320 2580 ordinariorum
350 2517 443 2580 etiam
465 2518 596 2593 diebus,
630 2517 736 2601 siquid
762 2528 871 2593 rseet,
906 2514 962 2579 ubi
991 2516 1123 2598 pulchro

87 2616 259 2678 observant
278 2617 427 2696 preclara
450 2615 499 2678 itta
520 2617 698 2700 principum
718 2617 926 2693 concordata,
952 2614 1009 2679 sed
1034 2617 1067 2679 in
1088 2612 1125 2680 id

83 2715 223 2778 facetum
253 2728 301 2777 est
330 2716 391 2778 hoc
417 2715 565 2780 Vadisci:
597 2719 672 2796 tria,
704 2717 825 2802 inquit,
853 2736 1017 2804 uunqurm
1047 2717 1122 2784 utta

84 2816 279 2900 proveniunt
302 2814 427 2882 Romu:
454 2818 678 2902 episcoporum
705 2820 807 2902 palin,
828 2822 953 2885 menses
974 2821 1117 2907 pspstes,

85 2929 118 2981 at
142 2929 272 2981 annue.
778 2996 790 3020 ο

499 3020 707 3087 Ernhoid.

160 3119 244 3185 Mihi
262 3120 392 3206 quidem
408 3121 578 3188 ridebatur
597 3123 712 3199 nimius
726 3122 841 3186 horum
858 3129 1046 3206 proventus.

521 3224 708 3289 Hutten.

173 3320 236 3387 litis
265 3334 391 3398 contra,
424 3324 512 3406 quod
536 3323 716 3390 insatiabilis
750 3335 798 3390 est
826 3341 939 3388 eorum
974 3321 1121 3398 avaritia,

87 3421 177 3501 quod
195 3422 222 3483 si
241 3422 394 3485 ducerent
412 3423 486 3486 satis
506 3423 676 3506 episcopos
703 3424 808 3507 pretio
828 3425 1035 3499 confirmare,
1055 3440 1122 3485 nou

86 3518 149 3595 jam
177 3520 218 3580 ad
248 3520 417 3586 interiores
446 3523 616 3607 dignitates
646 3527 809 3590 transitum
839 3523 1006 3599 iecissent,
1036 3532 1070 3586 et
1094 3520 1123 3584 si

86 3616 204 3697 rapinis
229 3616 277 3679 his
295 3640 353 3684 sex
372 3643 496 3687 meuses
522 3624 720 3701 sufficerent,
751 3646 818 3688 uon
837 3623 871 3687 in
891 3623 1026 3688 liberum
1044 3632 1121 3686 tem·

84 3739 147 3803 pus
162 3717 194 3780 vi
215 3719 390 3797 irruerent,
414 3742 519 3806 neque
537 3735 665 3788 annatas
680 3725 742 3809 ipsi
757 3722 920 3789 irritarent
938 3721 1034 3786 variis
1052 3743 1120 3785 mo·

88 3819 154 3896 dis,
183 3820 211 3883 si
237 3817 311 3882 satis
330 3823 420 3884 multi
444 3835 645 3888 morerentur
672 3824 706 3889 in
735 3824 904 3889 Germania
930 3822 1122 3888 sacerdotes.
1191 3854 1194 3859 ·

87 3919 194 3983 Porro
215 3940 308 3983 suum
327 3931 375 3984 est
394 3920 459 3996 ibi,
478 3932 512 3984 et
529 3922 643 4005 ingens
662 3924 826 3988 cortisanis
845 3926 982 3999 luorum,
1003 3915 1121 4006 quihus

86 4019 328 4101 impulsoribus,
366 4041 438 4086 eum
466 4021 500 4085 in
524 4021 590 4086 aliis
621 4035 756 4088 utuntur
781 4024 965 4100 commode,
995 4037 1064 4087 tum
1087 4023 1123 4085 iu

87 4120 304 4185 familiaritatis
324 4122 495 4207 privilegio
515 4124 718 4206 magnificum
738 4135 787 4188 est
811 4127 873 4188 hoc
892 4143 1005 4187 eorum
1025 4120 1122 4184 offici·

90 4242 163 4297 um,
191 4223 267 4305 quia
285 4225 370 4286 enirn
389 4223 489 4308 siquis
523 4245 542 4287 a
559 4223 676 4290 familia
695 4235 748 4288 aut
767 4222 944 4307 pontificis,
980 4232 1034 4283 aut
1055 4239 1122 4283 car·

92 4320 257 4397 dinalium,
287 4338 342 4386 sut*
357 4322 580 4409 cujuscunque
600 4323 712 4388 Romu
735 4322 886 4389 mulionis
907 4319 1025 4397 tussis,
1051 4316 1122 4398 ejus
