2632 5086
210 744 282 821 iot
456 737 586 818 Febris
609 737 778 815 Secunda
808 736 996 838 Dialogus.

645 928 799 995 Febris.

289 1035 495 1115 Extorquent
518 1035 576 1095 hac
595 1031 785 1113 necessitate
804 1053 938 1109 aarum,
958 1042 1081 1103 vestes,
1100 1028 1243 1107 monilia,

213 1133 353 1209 ancilias,
379 1146 412 1195 et
437 1133 470 1194 id
494 1154 595 1212 genus
624 1131 747 1208 omnia,
778 1132 811 1194 ni
837 1144 1076 1213 comparentur,
1105 1131 1244 1193 abituras

213 1235 275 1297 atio
301 1254 336 1297 sc
360 1233 545 1298 minitantes.
585 1231 670 1296 Tum
693 1230 793 1319 siquis
819 1232 1030 1310 impatientior
1051 1243 1119 1307 est,
1147 1252 1245 1314 quam

157 1329 161 1340 ’
213 1345 250 1399 ut
268 1332 354 1399 fene
375 1332 539 1397 mulierem
558 1330 673 1413 possit,
694 1344 726 1394 et
744 1333 913 1407 reclamet,
932 1344 1004 1409 aut,
1024 1332 1118 1417 quale
1138 1330 1245 1414 quod·

151 1452 154 1457 ’
213 1435 286 1499 daut
307 1444 356 1495 est
377 1431 678 1494 concubinariorum
696 1453 815 1513 genus,
836 1433 985 1496 verberet
1004 1431 1112 1507 etiam,
1133 1430 1247 1494 memi-

213 1534 317 1598 nistin’
331 1531 466 1616 aliquid,
487 1533 538 1594 illa
553 1532 673 1614 inquit,
693 1533 775 1599 scire
793 1533 865 1596 me?
885 1535 1047 1596 traducam
1061 1532 1095 1593 id
1111 1530 1191 1612 jam,
1212 1540 1247 1592 et

212 1636 291 1700 itud
321 1631 513 1717 divulgabo,
551 1632 718 1719 statimque
752 1632 837 1695 dicto
871 1634 937 1698 exit
963 1634 1094 1696 domum
1122 1630 1246 1714 ingenti

142 1778 147 1792 ,
206 1732 312 1817 ipsius
331 1743 435 1807 metu,
456 1731 514 1793 scit
532 1729 616 1798 enim
635 1752 745 1814 posse,
767 1733 794 1796 si
812 1732 899 1797 velit.
934 1731 1036 1798 Certe
1048 1743 1157 1796 nostra
1172 1733 1249 1795 Elsa

213 1834 356 1916 singulos
386 1833 418 1898 in
445 1831 512 1896 dies
540 1851 626 1892 novo
653 1831 697 1894 ilii
721 1834 851 1895 molesta
879 1832 956 1907 suit,
983 1853 1070 1897 nunc
1088 1830 1249 1894 habebant

213 1946 318 2003 vestes
339 1933 422 2008 aliae,
448 1952 542 2015 quam
570 1928 637 2012 ipsa
661 1931 828 2007 meliores,
855 1953 940 1997 nunc
958 1935 1092 1997 annulos
1114 1932 1249 2014 gerebat

214 2034 338 2121 aliqua,
372 2044 404 2095 et
427 2051 588 2112 gemmas,
618 2041 650 2091 et
675 2033 933 2119 vigintiquinque
961 2034 1106 2104 ancillas.
1147 2036 1249 2097 solam

212 2133 426 2197 incomitatam
439 2131 487 2199 ire
497 2152 531 2192 sc
545 2130 711 2207 clamabat,
724 2136 822 2196 solam
833 2134 992 2197 incultam.
1021 2136 1074 2198 Ad
1087 2136 1153 2197 hacc
1164 2132 1246 2217 ipse,

213 2235 320 2300 sinon
338 2243 405 2299 erat
420 2232 572 2314 pecunia,
593 2231 766 2310 accipiebat
782 2245 909 2306 mutuo,
931 2246 983 2295 aut
1002 2234 1111 2298 vinum
1126 2236 1250 2299 vende·

213 2334 284 2412 bat,
307 2334 359 2402 vel
377 2334 588 2411 frumentum,
608 2349 660 2395 aut
679 2332 826 2400 aduticis
845 2333 1017 2416 accipiebat
1036 2334 1071 2398 in
1091 2334 1211 2401 toenus.

644 2434 817 2500 Huttem

290 2536 452 2599 Damnare
472 2555 530 2614 per
550 2530 721 2599 Christum.

653 2633 680 2701 F
688 2632 809 2699 chris.

290 2731 471 2812 Quinetiam
490 2731 575 2808 vidi,
609 2733 665 2819 qui
689 2745 726 2798 ut
752 2747 835 2802 esset
863 2737 953 2823 quod
981 2736 1168 2800 concubinis
1194 2736 1251 2799 da·

213 2843 306 2907 rent,
324 2831 531 2908 furabantur,
552 2843 583 2896 et
594 2832 742 2914 legebant
755 2856 857 2914 sacra,
878 2838 979 2918 quatis
998 2839 1126 2922 quidam
1143 2857 1251 2918 nuper

213 2953 257 2994 ex
276 2932 445 3010 fratribus,
466 2945 686 3016 sumptuosum
706 2957 810 3002 amans
832 2948 990 3014 scortum,
1014 2957 1058 3002 eo
1082 2936 1251 3002 deserebat

215 3052 259 3098 ex
279 3033 417 3104 sacrario
437 3035 527 3115 auri,
547 3047 579 3102 ct
597 3035 720 3118 argenti
740 3057 804 3098 uon
825 3059 948 3120 parum.
1013 3091 1017 3099 .

645 3133 813 3203 liutran.

290 3231 378 3300 Proh
391 3232 598 3318 religionem,
617 3246 650 3297 et
663 3236 776 3310 iidem,
796 3236 918 3303 iaciunt
939 3237 1001 3300 boc
1016 3235 1091 3304 item
1112 3235 1252 3303 iratres?

653 3336 812 3402 Febris.
1051 3322 1053 3327 ¹

286 3423 446 3495 Fratres?
481 3433 573 3522 quasi
603 3436 723 3517 aliquid
755 3437 817 3513 sit,
848 3434 891 3498 ilii
922 3437 1011 3517 quod
1038 3457 1104 3501 non
1133 3436 1273 3500 faciant=

215 3532 301 3599 item.
341 3534 499 3596 Praeterea
518 3534 584 3596 vidi
603 3537 749 3616 pejerare
769 3536 867 3610 alios,
898 3546 930 3596 ct
952 3555 1080 3597 veneno
1101 3537 1252 3617 grassari,

214 3654 253 3697 ac
270 3633 469 3721 proditiones
488 3632 610 3716 moliri,
629 3646 662 3699 et
681 3637 800 3702 scelera
815 3636 912 3702 fidem
930 3655 1026 3723 supra
1042 3636 1252 3701 committere.

649 3737 821 3803 Hutten.

288 3832 443 3901 Profecto
479 3834 601 3918 ingenti
628 3856 701 3903 cum
731 3849 815 3903 metu
834 3849 957 3911 amant,
996 3838 1052 3922 qui
1071 3836 1252 3901 istiusmodi

213 3953 340 4003 morum
359 3935 480 4001 conscii
506 3935 566 3999 sibi
592 3947 675 4004 sunt.
715 3939 860 4007 sedeur
890 3958 956 4000 non
975 3939 1077 4004 celant
1096 3937 1252 4002 concubi·

215 4053 288 4115 nas,
309 4034 337 4103 si
357 4033 436 4118 quid
456 4045 523 4112 est,
545 4036 635 4120 quod
654 4037 717 4105 dici
736 4038 778 4105 dc
804 4059 839 4103 se
857 4037 1025 4106 metuant?

254 4160 257 4165 ·
647 4137 812 4206 Febris.

290 4234 375 4319 Quia
394 4248 514 4314 amant,
549 4259 657 4323 neque
676 4240 780 4306 celare
807 4237 976 4327 quisquam
994 4239 1078 4319 potis
1096 4250 1146 4305 est
1166 4257 1253 4301 ama·

216 4352 271 4409 or,
301 4337 407 4406 nudus
430 4337 554 4404 incedit
573 4338 659 4405 enim
687 4337 830 4422 Cupido.
