2632 5086
191 774 264 850 264
478 770 538 845 De
562 764 719 868 Guajaci
742 767 925 845 medicina

189 964 336 1043 bntynnn
363 962 536 1041 praesertim
571 960 660 1044 qarod
690 953 798 1025 mense
824 958 918 1041 lllajo
945 971 1089 1025 coactum
1118 969 1212 1038 esset,

189 1064 322 1127 medulla
339 1063 444 1137 cervi,
472 1063 582 1124 sebum
599 1061 770 1136 hircinum,
801 1063 1049 1144 cornuumque,
1082 1066 1142 1125 mcl
1160 1085 1212 1126 ro·

189 1182 330 1238 saccum,
361 1174 394 1225 et
411 1164 499 1245 quod
524 1161 705 1242 virgineum
726 1172 850 1223 vocant.
890 1164 1025 1233 Vermes
1044 1166 1162 1228 terreni
1179 1165 1211 1226 in

189 1264 352 1344 pulverem
367 1262 456 1342 pisti,
476 1273 530 1324 aut
551 1264 625 1324 olco
644 1261 808 1336 macerati,
833 1281 870 1323 ac
889 1263 1037 1336 cordusi,
1065 1265 1211 1345 campho-

186 1382 248 1437 ra,
288 1361 497 1444 euphorbium
529 1371 561 1424 et
592 1372 779 1423 castoreum.
800 1434 812 1461 ι
832 1362 940 1444 Atque
956 1363 1078 1435 ¹harum
1104 1384 1211 1425 rerum

187 1463 309 1538 tribua,
343 1475 396 1524 ant
424 1472 579 1545 quantuor,
611 1473 665 1523 aut
691 1460 833 1541 pluribus
858 1481 1086 1545 nonuunquam
1112 1453 1218 1527 mistis

187 1564 349 1649 ungebant
377 1562 577 1626 brachiorum
607 1574 640 1625 et
673 1583 800 1625 crurum
826 1560 1011 1641 juncturas,
1052 1565 1150 1647 aliqui
1179 1578 1211 1627 et

188 1665 308 1746 spinam
339 1684 375 1725 ac
399 1661 577 1737 cervicem,
608 1663 751 1725 nonnulli
771 1674 913 1744 tempora
934 1662 1046 1738 etiam,
1078 1664 1153 1729 item
1178 1678 1210 1727 et

186 1764 368 1828 umbilicum
399 1776 494 1847 atque
521 1764 635 1826 iterum
664 1762 713 1824 alii
742 1762 926 1827 universum
954 1785 1081 1845 corpus.
1131 1769 1210 1846 Qui·

186 1851 318 1929 mauu
340 1867 439 1937 aanor
472 1865 545 1939 are,
586 1863 774 1947 quibusnam
808 1864 881 1939 us,
922 1866 1080 1927 nonnulis
1115 1867 1210 1929 terrio

187 1965 301 2031 itcnrm
328 1967 396 2039 dic,
424 1977 479 2028 aut
499 1976 623 2048 quarto.
670 1962 887 2027 Claudebatur
906 1987 991 2048 aeger
1012 1966 1044 2039 iu
1065 1966 1212 2030 aestuario

186 2068 276 2150 qarod
305 2066 425 2127 calebat
457 2065 583 2126 assidue
613 2077 708 2147 atquc
734 2064 961 2143 intensissime,
1010 2065 1059 2128 alii
1089 2066 1211 2145 viginti,

186 2166 313 2251 triginta
330 2165 381 2227 alii
402 2175 486 2226 totos
509 2165 596 2237 dies,
624 2164 767 2225 nonnulli
784 2166 892 2242 phares
910 2179 1097 2246 perunctum
1116 2171 1210 2243 lect0‚

186 2269 243 2353 qari
261 2267 344 2330 intra
365 2265 541 2328 aestuarium
570 2263 786 2336 sternebatur,
818 2266 1035 2346 apponebant,
1063 2288 1099 2326 ac
1115 2271 1210 2330 multa

184 2392 281 2451 sirpcr
297 2368 414 2451 injecta
428 2377 518 2430 veste
536 2365 651 2428 sudare
667 2366 835 2447 cogebant.
876 2365 929 2428 llle
949 2367 1003 2428 vix
1024 2367 1138 2429 iterum
1158 2391 1208 2429 ac-

185 2481 279 2551 cepto
306 2479 473 2552 unguento
498 2464 593 2546 coepit
620 2466 842 2546 languescere,
875 2467 989 2529 mirum
1014 2468 1045 2528 in
1066 2470 1206 2542 modum,

187 2582 270 2633 tauta
299 2566 456 2651 unguenti
483 2566 531 2628 vis
558 2576 624 2627 erat
650 2568 809 2639 effectus,
850 2578 885 2629 ut
908 2565 990 2629 iutra
1015 2546 1208 2631 stomachrdu

186 2669 275 2753 mind
291 2667 325 2729 in
343 2686 466 2729 summo
486 2686 623 2745 corporo
647 2668 750 2730 morbi
769 2667 880 2730 suisset
894 2669 1114 2748 compelleret,
1135 2668 1221 2735 iudea

185 2788 310 2831 sursum
334 2767 374 2829 ad
401 2765 593 2843 cerebrum,
626 2768 711 2829 unde
741 2769 904 2849 pergulam
927 2778 959 2849 ct
988 2788 1024 2829 os
1050 2768 1210 2832 defluebat

184 2868 333 2963 morbus,
365 2876 473 2943 tanta,
489 2863 568 2929 ..ta'm
596 2868 735 2929 violenta
760 2865 876 2947 injuria
898 2879 935 2929 ut
955 2868 1064 2930 dentes
1083 2870 1210 2933 decido·

185 2980 272 3046 rent,
299 2960 356 3053 qui
375 2989 440 3031 non
458 2980 603 3031 accurate
624 2968 674 3029 ori
694 2966 910 3029 intendissent.
949 2968 1105 3040 Omnibus
1122 2985 1210 3035 certe

184 3072 451 3136 exulcercbantur
482 3069 608 3146 lauces,
641 3069 750 3152 lingua
778 3071 985 3148 etpalatum,
1015 3070 1210 3134 intumebaut

96 3218 100 3225 -
186 3173 344 3257 gingivae,
368 3173 479 3235 dentes
494 3169 704 3243 vacillabant,
729 3180 857 3249 sputum
875 3191 933 3250 pcr
952 3189 1009 3231 ora
1029 3172 1097 3234 sine
1113 3173 1209 3235 inter-

186 3273 335 3336 missione
366 3272 567 3351 profluebat,
610 3269 696 3332 omni
732 3269 876 3351 protinus
914 3271 1028 3334 foetore
1061 3271 1206 3345 olentiae,

13 3352 50 3383 ’Ψ
71 3376 77 3383 “
185 3368 275 3433 tanto
290 3370 457 3452 contagio,
477 3369 685 3452 utquisquid
701 3371 851 3434 adluisset
869 3374 970 3435 statim
983 3372 1161 3456 inquinaret
1171 3394 1208 3434 ac

185 3474 351 3555 pollueret.
403 3469 496 3535 Unde
523 3480 556 3531 et
581 3470 662 3535 labia
687 3471 733 3533 sic
758 3482 902 3534 contacta
924 3476 1013 3536 ulcus
1033 3473 1210 3557 trahebant,

186 3584 218 3635 et
232 3570 316 3634 intus
343 3571 448 3632 buccae
470 3570 727 3632 vulnerabantur.
772 3571 916 3635 Foetebat
933 3572 1034 3637 omnis
1053 3576 1135 3637 circa
1157 3577 1211 3637 ha·

185 3671 319 3740 bitatio,
354 3682 448 3753 atque
471 3671 552 3734 adeo
579 3672 694 3733 durum
719 3682 788 3733 erat
815 3672 879 3733 hoc
903 3674 1073 3737 curationis
1096 3696 1207 3757 genus,

186 3785 222 3837 ut
247 3773 353 3857 perire
382 3771 495 3834 morbo
517 3773 718 3852 complores,
752 3792 847 3854 quam
873 3771 918 3845 sic
946 3775 1045 3838 levari
1076 3777 1211 3838 mallent.

187 3879 375 3958 Quamnam
391 3872 458 3934 'vix
490 3874 678 3937 centesimus
708 3872 846 3957 quisque
875 3877 1038 3939 levabatur
1067 3875 1211 3939 recidivo

186 3987 222 4039 ut
240 3975 411 4057 plurimum
424 3993 529 4056 aegro,
549 3994 622 4035 cum
639 3974 694 4034 vix
713 3993 831 4053 paucos
847 3977 888 4038 ad
907 3977 974 4038 dies
991 3977 1123 4039 duraret
1141 3977 1211 4055 ejus

185 4077 412 4157 juramentum.
438 4151 440 4155 Ι
462 4075 537 4154 Quo
566 4085 752 4155 argumento
782 4074 958 4157 intelligere
986 4075 1057 4137 licet
1088 4078 1146 4137 hac
1176 4076 1210 4140 in

186 4174 372 4261 aegritudine
382 4219 399 4251 ‚‚
418 4174 495 4257 qnid
518 4195 581 4258 ego
593 4174 736 4250 tulerim,
762 4174 913 4241 undecies
928 4174 1125 4238 curationem
1140 4195 1210 4239 eam

187 4288 348 4357 expertus.
389 4278 494 4351 'lfanto
513 4276 675 4356 periculo,
698 4288 762 4345 tam
778 4275 894 4339 acerbo
913 4274 1108 4348 discrimine,
1136 4295 1210 4339 cnm

188 4379 248 4449 hoc
262 4378 344 4464 malo
359 4397 481 4441 nonum
494 4375 558 4459 jam
576 4396 694 4441 annum
703 4379 828 4452 luctor,
854 4394 922 4438 non
935 4377 1065 4457 segnius
1081 4375 1209 4441 interim
