2632 5086
349 758 527 834 Misaulus
552 760 736 862 Dialogus
770 763 953 843 Praefatio
1015 766 1021 778 ’
1126 776 1168 847 15

142 946 315 1066 pertinum
339 951 402 1028 sit,
444 952 569 1015 demum
597 956 638 1017 ad
671 956 864 1037 palinodiam
891 982 1022 1044 quoque
1052 960 1166 1055 adigat,

143 1076 232 1139 quam
251 1052 318 1115 nisi
353 1073 432 1114 mox
461 1046 657 1133 promisero,
692 1058 801 1120 dentes
829 1061 986 1123 amisero?
1030 1063 1100 1126 Nisi
1129 1074 1167 1127 tu

143 1154 243 1217 eterra
259 1153 400 1217 auiicaru
424 1152 581 1218 vesaniam
599 1155 695 1218 habes
718 1158 998 1235 medicamentum,
1032 1173 1084 1224 aut
1101 1161 1165 1239 jam

141 1252 244 1336 pomi
272 1252 493 1330 helleborum,
525 1274 590 1337 quo
618 1254 759 1317 furentes
785 1257 855 1319 ilios
880 1259 1028 1322 inebries.
1068 1264 1164 1340 Quod

140 1354 250 1428 siest,
301 1373 430 1434 waso,
467 1352 502 1413 in
531 1364 674 1432 ternpore
705 1357 874 1424 eonsilium
905 1360 1019 1422 adhibe
1039 1361 1088 1436 *),
1128 1374 1165 1425 ut

138 1453 273 1514 venienti
305 1454 393 1515 malo
424 1471 580 1515 occurras.
620 1453 682 1514 Sed
710 1475 846 1533 vereor,
879 1479 919 1539 ne
947 1458 981 1521 in
1009 1463 1163 1527 medicind

140 1574 199 1614 uon
226 1565 335 1615 tantus
368 1553 425 1628 sis,
464 1564 500 1615 ut
527 1552 688 1616 hominum
720 1555 882 1618 affectibus
917 1560 1039 1622 mederi
1069 1563 1160 1630 scias.

139 1657 176 1716 Et
200 1652 262 1735 jam
280 1653 360 1716 mihi
379 1663 489 1732 caput,
520 1652 594 1715 mihi
614 1673 666 1727 os,
694 1653 777 1715 mihi
800 1659 884 1718 maiae
912 1660 1087 1739 trepidant,
1121 1687 1158 1726 ae
1242 1688 1245 1694 ’

140 1755 271 1838 aliquem
290 1752 404 1817 videre
428 1752 557 1829 videor,
591 1774 632 1814 ex
662 1752 841 1836 gigantibus
868 1758 981 1840 regiis,
1017 1782 1159 1843 pugnum

141 1876 197 1916 sex
218 1855 369 1919 Ιὶδηὲυῐη
394 1848 567 1935 stringere,
592 1853 689 1936 *queis
719 1851 844 1933 jamjam
868 1856 901 1918 iu
928 1858 1057 1921 buccam
1083 1861 1159 1924 mihi

143 1947 302 2035 impingat.
338 1953 439 2035 Quod
457 1952 511 2014 ubi
536 1954 606 2028 tter,
635 1962 701 2014 tum
720 1976 856 2031 vereor,
891 1979 931 2019 ne
951 1969 984 2020 tu
1003 1959 1037 2020 in
1057 1962 1159 2024 simun

144 2054 256 2116 interea
280 2053 405 2128 rideas,
434 2062 466 2114 et
490 2073 548 2132 pro
572 2052 649 2115 ludo
674 2053 784 2130 discas,
816 2055 889 2118 mihi
915 2059 1015 2138 alapas
1048 2059 1159 2144 infligi,

143 2172 175 2215 os
190 2152 414 2229 obverberari,
441 2152 551 2215 dentes
569 2152 686 2215 excuti.
724 2156 766 2216 Et
785 2154 918 2218 fortasse
935 2158 1043 2222 mortis
1065 2182 1157 2225 eausa

140 2253 162 2314 si
184 2253 261 2316 mssri
288 2251 410 2329 fueris,
444 2271 510 2314 non
537 2251 640 2335 magni
667 2251 783 2329 facies,
822 2257 909 2338 quod
936 2258 1066 2323 ctericus
1091 2282 1158 2325 non

140 2375 204 2416 sum
221 2354 290 2429 οἳ)),
321 2364 355 2415 ut
378 2351 431 2415 itto
449 2363 480 2414 te
500 2352 646 2435 sagittent
663 2351 795 2416 Conone
814 2355 1022 2420 Ecclesiastiei
1042 2371 1154 2441 patres,

141 2452 234 2537 sitptis
254 2448 408 2516 suadente
427 2451 565 2514 diabolo
604 2453 727 2516 Verum
743 2455 820 2517 heus
835 2466 889 2531 tu,
910 2430 1068 2521 hominem
1088 2478 1157 2532 esse

141 2554 334 2628 memineris,
356 2553 453 2636 idque
471 2550 543 2614 satis
562 2553 723 2628 existima,
745 2555 833 2636 quod
851 2554 935 2617 tibi'
926 2568 1040 2643 tratum
1052 2559 1156 2622 Deum

141 2657 263 2731 reddat,
299 2653 555 2738 quandoquidem
575 2654 620 2716 sie
644 2648 695 2715 itte
715 2652 807 2729 dicit,
836 2655 924 2738 quod
940 2655 1080 2720 feceritis
1101 2657 1157 2720 uni

143 2764 183 2818 e'x
197 2752 332 2818 minimis
351 2753 444 2830 meis,
463 2753 538 2816 mihi
554 2752 701 2817 feceritis.
740 2753 840 2815 Visne
854 2754 921 2830 ⁶⁰⁰)
940 2756 1044 2820 Deum
1059 2756 1156 2841 igitur

145 2855 292 2935 prodere,
312 2874 386 2916 eum
400 2844 462 2915 hoe
482 2853 594 2929 facias,
621 2851 648 2916 si
665 2872 715 2917 me
733 2853 839 2918 aulicis
856 2855 953 2920 simiis
973 2857 1153 2938 discerpen-

143 2955 213 3019 dum
222 2956 325 3019 hadas
338 2952 355 3014 Ρ
370 2953 456 3028 ΘΜ)
481 2955 612 3034 Quaeso,
633 2973 699 3015 rem
717 2954 860 3031 intuere,
881 2966 913 3016 et
927 2957 963 3035 †)
978 2956 1154 3031 considera,

145 3055 229 3139 quod
246 3077 314 3119 non
338 3053 464 3128 deceat,
488 3072 563 3137 pero
585 3053 755 3134 sapientem
773 3064 804 3116 te
825 3053 901 3114 iliud
923 3074 989 3116 non
1008 3055 1155 3135 putabam

142 3155 278 3218 tntunnn
304 3154 384 3232 ἦ),
413 3162 600 3235 praetexcre.
639 3151 753 3216 Credis
770 3153 854 3219 enirn
869 3173 934 3215 non
951 3156 1153 3220 vehementer

143 3255 293 3337 quosdam
321 3270 509 3318 succensere
532 3252 635 3328 m'hi,
657 3252 699 3317 ob
728 3255 789 3315 hoe
821 3264 1061 3336 nugamentum,
1099 3266 1153 3320 aut

143 3373 208 3415 enm
235 3374 305 3417 esse
333 3352 368 3414 in
392 3354 462 3415 auid
487 3351 750 3428 moderationem,
790 3352 907 3436 utqui
933 3353 980 3416 sie
1003 3357 1153 3419 commoti

143 3454 329 3529 suutffi),
351 3453 532 3516 contineant
551 3450 648 3515 sese?
677 3450 834 3515 Preteres
851 3464 1009 3513 memento
1029 3453 1151 3537 aliquos

144 3573 225 3630 esse,
260 3550 378 3637 quibus
401 3551 464 3630 jam
489 3561 559 3615 aute
581 3570 689 3612 aversa
714 3549 816 3613 suits
843 3552 953 3615 studiis
978 3572 1087 3627 menn
1120 3553 1152 3617 hi

145 3653 283 3728 exilient,
313 3672 349 3714 ae
374 3670 475 3726 arura,
504 3671 540 3711 ae
564 3670 665 3733 equos
687 3661 834 3731 poscent,
864 3651 911 3715 his
933 3649 1001 3714 iere
1025 3653 1150 3737 verbis,
1235 3691 1238 3697 ·

148 3753 220 3821 ,hoc
241 3753 292 3816 itte
315 3752 398 3814 seret
426 3750 554 3830 impune
582 3749 727 3811 scriba?“
771 3749 864 3812 Nosti
889 3751 971 3812 enim
999 3762 1150 3833 quantiam

145 3851 263 3915 literatis
283 3853 457 3915 detractum
476 3859 603 3931 putent,
624 3847 747 3931 quoties
761 3849 869 3923 †††t)
888 3849 1003 3910 scribas
1025 3861 1149 3931 vocant,

146 3951 229 4016 nobis
242 3951 464 4018 contumeliam
478 3949 604 4020 minime
621 3947 872 4027 agnoscentibus.
911 3948 975 4031 Qui
993 3959 1029 4011 ut
1040 3953 1149 4018 stultus

490 4044 506 4069 a.

174 4166 317 4247 volui,
337 4198 405 4245 eope.
434 4177 480 4248 ¹”)
498 4200 566 4246 sum,
585 4186 635 4240 sim.
667 4152 841 4247 'mii'm‘r
864 4184 921 4230 viu'.
956 4175 1033 4244 W)
1051 4188 1146 4238 tratas.

174 4273 249 4320 uatis.
303 4267 335 4328 τ)
353 4258 394 4329 et‘,
421 4281 467 4316 aen
503 4270 550 4324 ᾗ)
565 4268 627 4317 uach
641 4272 757 4322 saturum
774 4269 806 4315 tst
822 4269 845 4314 lu
864 4269 931 4315 einer
946 4270 1035 4315 anderu
1052 4267 1148 4317 nattam

176 4358 216 4408 tos
232 4359 366 4417 teigeseat.
401 4356 460 4409 τῇ)
478 4362 551 4410 suns,
569 4355 622 4400 siut.
657 4355 736 4408 γῆν
753 4356 849 4409 questas
861 4385 870 4411 ,
888 4352 987 4410 quanto.
