2632 5086
211 819 282 892 660
379 815 440 888 De
464 810 612 891 Unitate
636 809 780 885 Eccles.
805 812 1061 883 conservanda

213 1008 409 1093 gestionem,
439 1005 479 1069 ed
504 1024 539 1069 se
557 1016 595 1067 ut
612 1003 744 1067 redeant
768 1001 853 1064 ultro
877 1000 985 1086 potius
1008 986 1121 1075 nunc,
1137 1020 1237 1084 wem

212 1112 307 1193 paulo
327 1119 401 1190 post
418 1106 529 1170 eoacti.
569 1103 726 1185 Tyrannis
745 1103 875 1185 reliquis
895 1101 1037 1166 securius
1056 1113 1104 1164 est
1122 1112 1237 1165 tenere

213 1206 398 1301 imperium,
419 1228 513 1290 quam
532 1206 712 1286 deponere,
739 1203 905 1285 pontifices
925 1203 1111 1279 Romanos,
1142 1205 1235 1286 quod

214 1310 317 1376 solum
341 1308 474 1371 odibiles
500 1306 575 1370 lacit
598 1305 732 1369 avaritiae
754 1303 890 1368 studium
912 1303 938 1367 si
958 1305 1087 1388 quando
1107 1303 1238 1397 desera-

214 1420 286 1484 tur,
305 1423 371 1471 non
391 1408 488 1472 modo
509 1407 653 1488 periculo
676 1427 743 1469 non
761 1417 919 1487 exponet,
945 1415 978 1466 et
996 1403 1111 1487 eripiet
1131 1403 1238 1468 etiem.

215 1509 342 1592 Quippe
362 1509 517 1590 incipiunt
534 1528 645 1588 sapere
669 1506 750 1588 jam,
772 1505 827 1590 qui
846 1526 905 1586 per
926 1503 1072 1567 fraudem
1092 1503 1239 1569 infatuati

215 1621 324 1686 erent,
351 1621 384 1671 et
402 1610 512 1672 oculos
530 1607 706 1691 recipiunt,
733 1627 816 1692 quos
841 1605 1073 1689 superstitionis
1099 1625 1241 1667 exceca-

216 1721 305 1798 verat
332 1729 434 1772 error.
472 1709 568 1790 Quod
594 1708 620 1770 si
649 1709 689 1772 de
714 1708 892 1771 hominibus
917 1726 984 1769 non
1012 1705 1240 1787 suspicandum

197 1812 311 1886 ‚etiarn
330 1809 513 1885 videretur,
534 1819 637 1871 tamen
655 1810 774 1872 ultores
795 1807 855 1870 Dei
880 1809 991 1870 oculos
1010 1816 1154 1887 putarem
1172 1828 1240 1870 nae·

216 1912 363 1974 tuendos.
403 1909 467 1990 Qui
494 1909 521 1970 si
548 1908 623 1971 olim
641 1906 737 1989 ejecit
755 1930 796 1971 ex
816 1910 932 1989 templo
952 1908 1150 1982 Salomonis,
1181 1907 1239 1990 qui

216 2032 268 2077 res
300 2009 342 2071 ibi
376 2008 507 2072 frivolas
536 2026 569 2071 et
594 2009 742 2090 profanas
771 2010 942 2082 emebant,
980 2029 1017 2070 ae
1041 2008 1239 2084 vendebant,

217 2110 296 2195 quid
315 2109 360 2171 eis
380 2109 473 2172 faciet
485 2154 494 2184 ,
508 2187 512 2195 Ι
525 2108 581 2193 qui
600 2110 634 2170 in
653 2109 782 2173 ecclesia
802 2130 874 2184 sua,
904 2108 988 2171 haud
1007 2107 1084 2172 eitra
1104 2110 1242 2172 detesta-

214 2208 308 2274 bilem
335 2208 417 2271 illius
442 2208 665 2289 pollutionem,
694 2230 856 2273 sacrorum
884 2208 977 2271 etiam
1000 2221 1171 2272 mereatum
1191 2210 1243 2272 in·

216 2307 408 2375 stituerunt?
445 2309 519 2371 Nori
539 2309 634 2371 abiis
660 2309 783 2372 auferet
801 2309 926 2372 vineam
948 2330 1035 2373 suern
1053 2307 1242 2392 patrisfami-

217 2405 272 2475 liae
303 2408 452 2485 eoelestis,
488 2419 519 2472 et
547 2409 663 2471 locabit
692 2432 760 2473 eam
792 2411 878 2485 aliis,
911 2412 1006 2473 melos
1040 2428 1117 2470 vero
1155 2411 1239 2473 male

215 2510 360 2596 perdet?
396 2520 449 2574 aut
473 2530 540 2571 non
564 2511 626 2572 boe
652 2509 766 2586 faciet,
801 2513 889 2594 quod
914 2530 971 2591 per
996 2529 1032 2572 os
1057 2507 1239 2573 Ezechielis

216 2614 378 2693 prophete
413 2621 462 2672 est
485 2609 760 2674 communicatus?
806 2611 873 2673 Pro
901 2631 962 2686 eo,
993 2609 1118 2692 inquit,
1149 2609 1243 2692 quod

216 2711 291 2775 tacti
315 2722 388 2772 sunt
416 2728 533 2791 greges
551 2709 615 2773 mei
636 2710 669 2773 in
688 2712 846 2791 rapinam,
879 2720 912 2771 et
931 2730 1010 2773 oves
1028 2731 1104 2773 mee
1130 2708 1165 2771 in
1183 2711 1242 2771 de-

216 2809 416 2872 vorationem
443 2809 583 2873 omnium
603 2810 772 2875 bestiarum
792 2810 876 2894 agri,
904 2831 944 2875 eo
965 2812 1054 2895 quod
1072 2831 1140 2872 non
1158 2821 1244 2874 esset

216 2919 345 2993 pastor,
368 2911 574 2994 nequeenim
587 2912 798 2996 quesiverunt
816 2923 958 2993 pastores
976 2931 1108 2994 gregem
1125 2931 1243 2985 meum,

217 3011 276 3074 sed
294 3010 463 3090 pascebant
482 3023 623 3093 pastores
643 3014 846 3094 semetipsos,
874 3022 907 3074 et
927 3032 1042 3095 greges
1061 3031 1151 3073 meos
1175 3031 1243 3073 non

216 3111 407 3196 pascebant,
426 3123 613 3194 propterea,
632 3122 793 3194 pastores,
821 3113 927 3175 audite
947 3111 1080 3174 verbum
1102 3111 1243 3175 Domini.

216 3212 294 3275 Haeo
313 3212 389 3274 dicit
407 3212 564 3276 Dominus
584 3213 793 3293 Deuszeece
813 3235 875 3298 ego
895 3214 963 3296 ipse
983 3232 1081 3295 super
1099 3224 1243 3295 pastores

217 3313 376 3394 requiram
404 3332 534 3395 gregem
561 3333 681 3390 meum,
708 3316 749 3376 de
778 3336 873 3377 manu
899 3336 1035 3388 eorum,
1069 3324 1101 3375 et
1120 3334 1244 3377 cessere

217 3409 350 3487 faciam,
379 3422 415 3473 ut
432 3416 512 3475 ultre
538 3434 605 3475 non
632 3426 759 3497 pescant
786 3436 918 3498 gregem
936 3435 1062 3489 meum,
1094 3434 1154 3478 nee
1174 3435 1245 3494 pae-

218 3522 290 3591 eant
312 3512 442 3593 amplius
470 3523 613 3593 pastores
641 3515 850 3596 semetipsos,
884 3526 917 3576 et
944 3515 1086 3576 liberabo
1113 3534 1245 3597 gregem

218 3630 325 3674 meum
344 3613 385 3674 de
408 3633 465 3675 ore
492 3633 627 3689 eorum,
654 3626 685 3676 et
712 3636 778 3677 non
805 3615 865 3678 erit
890 3616 972 3679 ultra
998 3615 1043 3679 eis
1068 3614 1101 3678 in
1131 3636 1245 3679 escam.

217 3694 351 3776 Fuimus
370 3713 409 3775 iis
429 3714 513 3776 enim
537 3713 570 3775 in
599 3735 721 3794 escam,
754 3736 814 3777 nee
842 3714 948 3779 debita
974 3717 1075 3779 tenuit
1102 3736 1159 3779 eos
1180 3718 1247 3777 ani-

216 3832 335 3876 marum
365 3823 544 3876 nostrarum
578 3835 676 3891 eura,
711 3817 768 3881 sed
803 3835 895 3878 avara
927 3817 1071 3880 exercuit
1101 3816 1246 3898 pecunie

216 3923 333 3976 nostre
353 3914 482 3995 cupido.
523 3917 590 3976 Neo
609 3916 686 3979 illud
715 3917 949 4000 quaesiverunt,
976 3928 1011 3980 ut
1028 3938 1084 3980 sue
1100 3916 1245 3979 doctrina

215 4013 365 4077 meliores
393 4034 452 4077 nos
482 4015 645 4092 lacerent,
669 4019 737 4081 sed
767 4030 822 4093 nt,
854 4018 960 4083 oblato
987 4019 1080 4083 nobis
1104 4040 1184 4081 auro
1213 4027 1247 4081 et

218 4125 372 4196 argento,
407 4136 441 4176 se
467 4119 717 4198 locupletarent:
746 4141 812 4203 quo
832 4123 960 4183 nomine
979 4142 1079 4185 novas
1099 4118 1247 4202 quotidie

217 4213 400 4278 exactiones
421 4216 577 4280 lecerunt.
615 4218 820 4301 Nampraeter
837 4222 890 4297 id,
911 4223 999 4306 quod
1011 4221 1072 4285 sub
1081 4220 1248 4302 religionis

226 4317 306 4381 suco
327 4340 384 4399 per
402 4321 546 4383 fraudem
565 4320 779 4398 abstulerunt,
806 4344 866 4404 pro
886 4322 1010 4402 gratiis,
1037 4342 1097 4401 pro
1118 4320 1249 4402 dispen-

216 4420 405 4497 sationibus,
429 4443 489 4502 pro
508 4422 769 4499 relayationibus,
786 4418 846 4504 pro
859 4424 1164 4496 condonationibus,
1186 4440 1250 4503 pro
