2632 5086
355 699 401 770 ad
426 699 616 773 Albertum
640 699 799 797 Princip.
823 700 884 775 lib.
1056 713 1127 784 295

101 895 161 953 bus
180 891 382 953 cervicalium
402 891 568 970 prostrati,
599 891 654 953 ubi
672 892 817 955 tnauibus
836 914 873 955 ac
890 893 1128 977 pedibuscapti

101 1006 264 1064 tenemur,
297 990 477 1055 incusamus
502 1005 665 1065 usturam,
693 1003 725 1055 ct
750 994 878 1056 doleres
905 1008 1032 1059 nostros
1053 998 1126 1059 Deo

103 1097 301 1173 imputamus.
347 1097 461 1176 Neque
487 1093 573 1155 enim
593 1092 678 1155 eliud
696 1093 815 1157 faciunt
835 1104 910 1155 tuuc
929 1098 1064 1178 gulones
1082 1097 1127 1174 bi,

102 1217 197 1277 spitum
217 1195 260 1258 illi
282 1197 367 1275 apud
386 1196 589 1267 Juvenalem,
618 1193 691 1274 qui,

274 1304 418 1359 Missum
442 1304 488 1357 ad
510 1320 571 1358 sua
595 1320 733 1363 corpora
755 1302 899 1359 morbum

225 1405 349 1473 Infesto
373 1404 504 1459 eredunt
521 1404 542 1457 ἀ
559 1404 705 1471 natenius,
741 1421 828 1458 saxa
850 1404 997 1461 Deorum·
1102 1438 1105 1443 >

226 1508 303 1560 Heee
328 1513 356 1558 et
379 1506 443 1560 tela
466 1511 592 1575 putant.

100 1606 208 1687 Atque
234 1604 355 1665 utinam
380 1602 550 1684 aliquando
576 1601 616 1661 ad
640 1600 703 1661 illas
728 1604 917 1677 redeamus,
956 1626 998 1666 ex
1024 1624 1126 1669 avene

101 1706 224 1782 prdtes,
247 1716 281 1763 et
302 1702 368 1764 istis
385 1714 422 1763 ut
440 1702 527 1781 prius
546 1701 726 1763 amiciamur
746 1704 843 1764 laucis
863 1702 1077 1778 indumentis,
1091 1714 1127 1769 ul

102 1803 242 1864 i‘estibus
268 1802 411 1879 singulos
436 1822 537 1882 prope
565 1812 649 1862 artus
676 1801 943 1879 exprimentibus,
975 1816 1011 1866 ut
1031 1802 1126 1883 hujus

103 1901 209 1983 pigeat
237 1903 350 1975 seriei,
391 1905 445 1964 has
474 1902 550 1962 odio
578 1922 807 1982 persequamur
832 1902 953 1964 iuliuite
981 1903 1126 1968 sinuum

103 2013 205 2083 tegas.
244 2003 328 2083 Quid
353 2003 439 2065 aliud
460 2013 537 2065 sunt
563 2001 647 2063 enim
670 2000 728 2061 ista
754 2000 878 2078 onmis,
910 2024 1005 2086 quam
1030 2004 1126 2083 patri·

102 2102 282 2165 munierum
302 2103 595 2183 prius''n0str0rum
615 2100 873 2181 dilapidationes,
905 2104 1022 2166 deinde
1041 2125 1126 2169 mot·-

101 2202 216 2264 borum
236 2224 368 2286 quoque
388 2202 605 2283 propagines?
643 2202 723 2263 Saue
745 2201 882 2280 majores
901 2205 1023 2280 nostri,
1054 2226 1126 2269 cum

99 2302 310 2382 parcissimum
327 2303 422 2365 vitam
436 2303 658 2377 observarent,
678 2302 827 2365 inanimes
841 2324 909 2378 res,
927 2325 1127 2385 magnacum

99 2403 201 2482 gloria
221 2415 398 2485 gesseruut.
438 2405 522 2477 Nos,
545 2403 601 2485 qui
618 2414 654 2463 ut
672 2403 873 2483 jueuuditatis
893 2405 1126 2469 affectationem

99 2504 301 2585 impleamus,
321 2524 445 2566 venena
464 2525 596 2585 quoque
608 2504 672 2566 eibi
689 2507 760 2566 viee
777 2526 982 2584 usurpamus,
1004 2515 1125 2592 quanto

99 2602 164 2682 jam
191 2614 356 2684 tempore,
394 2600 489 2686 quam
513 2604 588 2665 nihil
614 2604 746 2667 facimus
773 2606 942 2669 Germania
966 2605 1125 2689 dignum?
1157 2630 1166 2641 ·

100 2703 273 2765 Praestabat
299 2703 449 2767 barbaros
476 2715 508 2764 et
533 2704 594 2765 dici
623 2716 655 2767 et
682 2706 809 2780 baberi,
843 2704 876 2767 in
903 2706 962 2768 illis
988 2718 1024 2767 ut
1050 2717 1126 2769 tune

103 2803 266 2879 sordibus,
284 2824 378 2886 quem
395 2803 426 2865 in
443 2806 501 2866 hac
514 2804 654 2879 luxuria,
673 2807 734 2867 boc
748 2806 909 2868 dedecore
922 2805 1126 2889 ingeniorum

100 2906 239 2984 palmam
261 2902 422 2985 aucupari.
467 2904 554 2983 Quid
578 2906 661 2966 dicet
687 2905 784 2981 igitur
808 2908 948 2987 Magnus
977 2904 1124 2979 Carolus,

99 3004 126 3066 si
143 3006 182 3066 ad
201 3025 261 3066 nos
280 3005 405 3079 redeat,
427 3017 459 3066 et
478 3005 546 3066 illos
566 3005 672 3068 videat
687 3005 815 3081 byssina
830 3006 877 3067 uti
895 3025 1014 3067 summa
1034 3016 1125 3067 veste

97 3104 257 3186 principes
284 3115 428 3178 nostros,
460 3126 533 3167 eum
559 3106 626 3185 ipse
652 3105 749 3166 lorica
774 3105 944 3167 vestiretur
963 3103 1125 3166 interula?

98 3207 164 3266 Aut
183 3225 225 3265 ex
248 3205 429 3268 Othonibus
449 3205 526 3280 illis,
556 3206 611 3286 qui
631 3207 664 3267 iu
684 3207 815 3287 pulvere
836 3216 868 3267 et
888 3209 955 3268 luto
975 3205 1125 3267 virtutem

99 3305 327 3377 extendebant,
347 3326 419 3366 eum
435 3315 591 3368 nostrates
604 3318 766 3388 unguenta
781 3305 842 3368 sibi
854 3305 990 3379 illinunt,
1011 3304 1126 3387 exqui-

99 3404 244 3465 sitissime
265 3417 423 3486 apparate.
462 3406 590 3485 lusigue
610 3417 657 3468 est
678 3405 846 3485 Chrysippi
872 3404 1071 3467 maledictum
1091 3403 1125 3467 itt

102 3524 175 3578 eos,
205 3503 262 3586 qui
285 3504 456 3585 unguentis
478 3516 644 3568 uterentur
667 3506 707 3566 ad
730 3506 912 3580 libidinem,
943 3516 975 3567 et
994 3504 1127 3567 alienam

101 3605 303 3684 voluptatem.
342 3606 428 3666 Male
448 3605 489 3666 sit
510 3607 576 3668 istis
596 3605 700 3689 inquit
724 3604 882 3679 delicatis,
903 3604 1047 3686 quirem
1063 3615 1127 3667 tem

101 3703 212 3765 bellam
231 3704 476 3780 istimaverunt,
498 3717 594 3787 atque
608 3708 671 3769 hoc
687 3708 796 3769 mottes
817 3704 892 3767 olim
909 3704 1020 3787 populi
1037 3700 1127 3766 fecti·

100 3803 223 3880 tabant,
242 3805 283 3867 de
297 3805 462 3867 Gerumuis
480 3825 575 3866 nemo
595 3804 770 3886 suspicatus
788 3815 851 3879 est,
869 3804 944 3868 lore
962 3813 1127 3885 unguente

99 3915 135 3963 ut
157 3905 271 3967 oleant.
316 3909 359 3968 At
382 3903 445 3983 jam
465 3907 622 3982 thyomata
648 3916 681 3968 et
706 3914 879 3983 myromata
903 3915 936 3965 et
962 3912 1126 3965 xeromete

98 4014 130 4065 et·
164 4006 302 4067 odorum
333 4026 435 4085 genus
470 4025 588 4082 omne,
627 4016 777 4088 tanquam
812 4002 882 4067 vitae
915 4002 1127 4068 neeessariam

97 4126 164 4167 reru
185 4105 404 4180 adsciscimus,
437 4116 470 4168 et
488 4107 611 4167 olemus
635 4104 761 4167 exotica
785 4105 836 4167 illa
863 4101 1125 4167 ambitiosissime.

98 4205 213 4288 beque
233 4207 383 4269 mulieres
401 4218 519 4268 tentum
536 4207 582 4270 sic
597 4215 720 4280 errant,
745 4206 802 4267 sed
819 4215 851 4267 et
861 4203 947 4277 viri,
967 4203 1125 4285 principes

98 4305 233 4367 maxime
264 4317 296 4369 et
326 4308 517 4369 sacerdotes.
564 4308 607 4370 At
637 4305 671 4368 iu
697 4306 840 4369 Graecula
872 4304 999 4367 civitate
1026 4306 1126 4366 Solen
