2632 5086
209 805 279 879 216
449 798 592 875 Erasmi
616 799 664 872 ad
687 797 763 871 Ulr.
787 796 991 871 Huttenum

208 994 416 1069 moliebatur,
440 990 473 1054 in
503 1012 569 1074 quo
595 990 744 1048 Platonis
769 990 1022 1052 communitatem
1046 989 1086 1052 ad
1111 1012 1231 1060 uxores

208 1116 311 1179 usqne
331 1094 484 1157 defendit.
529 1101 669 1156 Luciani
694 1100 927 1172 Tyrannicidae
944 1092 1130 1173 respondit,
1163 1114 1231 1175 quo

206 1196 241 1261 in
260 1206 447 1276 argumento
466 1213 518 1256 me
537 1191 638 1253 voluit
656 1202 893 1274 antagonystam
911 1192 1048 1268 habere,
1077 1214 1144 1276 quo
1163 1214 1232 1255 cer·

205 1302 268 1367 tius
288 1281 461 1380 periculum
479 1272 616 1366 laceret,
639 1291 756 1375 ecquid
775 1291 963 1372 profecisset
978 1292 1012 1355 in
1024 1294 1085 1354 linc
1101 1315 1232 1376 genere.

208 1403 358 1475 mopiam
374 1398 437 1458 hoc
452 1393 585 1458 consilio
605 1393 719 1466 edidit,
740 1402 775 1454 nt
797 1391 968 1468 indicaret,
1000 1392 1116 1477 quibus
1135 1396 1230 1459 rebus

123 1484 126 1489 ¹
205 1504 259 1568 liat
279 1511 314 1563 ut
324 1498 426 1561 minus
443 1494 609 1567 commode
621 1493 770 1557 habeant.
806 1493 1003 1574 Respublica
1022 1494 1079 1555 sed
1098 1495 1234 1555 Britan.

205 1609 313 1663 nicam
346 1598 543 1680 potissimum
572 1594 714 1670 effinxit,
749 1614 844 1677 quam
875 1594 969 1656 habet
1001 1593 1127 1672 penitus
1157 1615 1229 1673 per·

204 1712 359 1783 specum,
379 1696 602 1780 cognitamque
623 1694 806 1759 Secundum
821 1694 934 1756 librum
954 1694 1042 1773 prius
1061 1695 1229 1774 scripserat

204 1822 263 1886 per
280 1800 396 1874 otium,
423 1819 500 1862 mox
516 1818 573 1880 par
593 1793 794 1859 occasionem
812 1793 946 1876 primum
963 1792 1078 1873 adjecit
1094 1816 1136 1856 ex
1151 1806 1231 1855 tern-

204 1922 295 1987 pore.
333 1902 441 1984 Atque
470 1898 543 1962 hinc
568 1898 720 1959 nonnulla
749 1894 896 1959 dictionis
924 1894 1126 1978 inaequalitas.
1162 1895 1230 1957 Vix

204 2002 298 2066 alium
315 2000 473 2081 reperias,
499 1997 555 2082 qui
569 1994 693 2059 felicius
707 1995 789 2057 dicat
803 2015 845 2057 ex
857 2007 1021 2075 tempore,
1048 1995 1129 2057 adeo
1144 1995 1229 2059 felici

203 2101 334 2185 ingenio
368 2101 447 2163 lelix
480 2099 589 2178 lingua
619 2095 789 2160 subservit.
832 2095 1001 2178 ingenium
1032 2115 1172 2176 presens
1199 2109 1231 2158 et

203 2204 324 2286 ubique
347 2202 520 2283 praevolans
538 2195 689 2261 memoria
711 2206 839 2276 parata,
865 2217 935 2277 quse
954 2216 1027 2258 cum
1046 2194 1152 2258 omnia
1175 2198 1228 2258 ha·

201 2304 275 2370 beot
295 2304 383 2364 velut
403 2300 435 2362 in
461 2309 641 2372 numerato,
669 2308 794 2378 promte
809 2307 841 2357 et
856 2296 1073 2358 incunctanter
1086 2297 1230 2378 suggerit
1294 2301 1298 2313 “

202 2403 359 2490 quidquid
388 2414 512 2481 tempus
535 2410 587 2461 aut
617 2419 668 2461 res
694 2398 842 2478 postulat.
890 2395 928 2457 ln
947 2395 1226 2482 (lisputationibus

201 2506 277 2571 nibil
296 2505 373 2588 tingi
394 2513 498 2587 potest
518 2499 660 2574 acutius,
692 2497 773 2560 adeo
791 2509 827 2560 ut
855 2497 981 2558 summis
1001 2498 1095 2559 etiam
1120 2496 1228 2560 Tbeo·

200 2606 282 2689 logis
305 2626 388 2684 sepe
407 2602 570 2685 negotium
597 2599 730 2662 lacessat
757 2596 790 2659 in
810 2597 952 2679 ipsorum
971 2619 1066 2660 arena
1085 2618 1227 2661 versans.

200 2690 344 2764 ,locanes
356 2708 495 2776 catenas,
514 2701 564 2763 vir
574 2701 653 2765 acris
667 2698 834 2781 exactique
847 2695 958 2778 judicii
976 2696 1010 2760 in
1023 2697 1228 2763 familiaribus

201 2798 368 2883 colloquiis
381 2801 516 2865 subinde
527 2802 634 2865 dicere
647 2802 743 2877 solet,
755 2811 934 2867 Britanniae
950 2830 1013 2869 non
1024 2817 1091 2873 nisi
1101 2818 1229 2873 unicum

202 2928 267 2968 esse
278 2915 456 2988 inqenium,
474 2924 546 2966 cunr
554 2906 618 2967 bec
629 2904 731 2968 insula
744 2914 792 2965 tot
800 2903 939 2986 egregiis
953 2905 1089 2988 ingeniis
1103 2909 1227 2972 floreat.

90 3043 98 3051 ·
199 3003 294 3067 Verae
314 3005 436 3085 pietatis
458 3027 523 3069 non
542 3004 712 3088 indiligens
731 3005 834 3067 cultor
855 3016 920 3080 est,
942 3007 1061 3069 etiamsi
1080 3007 1120 3070 nb
1141 3011 1227 3074 omni

199 3107 422 3187 superstitione
437 3105 654 3171 alienissimus.
685 3104 791 3169 Habet
804 3125 876 3167 suas
891 3107 1000 3181 horas,
1023 3107 1139 3189 quilius
1151 3109 1225 3173 Deo

199 3207 267 3270 litet
292 3208 457 3289 precibus,
485 3229 551 3269 non
572 3230 613 3271 ex
632 3214 741 3281 more,
768 3206 826 3268 sed
846 3228 865 3268 e
884 3218 1014 3286 pectore
1040 3209 1225 3289 depromtis.

201 3304 284 3370 Cum
313 3306 417 3370 amicis
443 3308 489 3370 sic
514 3307 673 3371 fabulatur
699 3306 740 3369 dc
766 3306 830 3369 vita
849 3307 951 3370 futuri
969 3310 1084 3384 seculi,
1112 3321 1148 3372 ut
1172 3331 1228 3393 ag·

199 3426 312 3471 noscas
332 3407 416 3469 illum
428 3390 478 3469 'ex
498 3406 603 3469 animo
621 3408 710 3490 loqui
725 3428 836 3491 neque
849 3406 918 3471 sine
937 3409 1053 3489 optima
1072 3432 1139 3493 spe.
1177 3413 1227 3475 Ac

201 3507 269 3571 talis
288 3511 408 3568 Morus
427 3519 476 3570 est
497 3507 590 3572 ctiam
608 3507 641 3568 in
669 3509 747 3570 aula.
787 3509 829 3570 Et
848 3518 960 3588 postea
978 3520 1071 3584 sunt,
1092 3510 1148 3594 qui
1167 3532 1227 3592 pu·

199 3619 266 3672 tent
288 3619 490 3675 Christianos
509 3620 583 3671 non·
598 3607 734 3671 inveniri
755 3607 816 3670 nisi
831 3608 864 3670 in
880 3611 1090 3674 monasteriis.
1130 3614 1225 3675 Tales

198 3709 285 3773 viros
316 3710 551 3774 cordatissimus
574 3729 633 3772 rex
655 3709 689 3770 in
716 3708 863 3771 familiam
887 3733 990 3788 suam,
1022 3722 1118 3795 atque
1142 3715 1227 3777 adeo

197 3811 232 3875 in
252 3811 430 3874 cubiculum
450 3831 514 3872 non
535 3811 637 3872 solnm
655 3809 813 3887 admittit,
849 3831 963 3874 venum
985 3811 1079 3874 etiam
1105 3813 1225 3889 invitat,

196 3934 257 3977 nec
281 3914 392 3976 invitat
416 3914 541 3989 modo,
573 3933 686 3974 verum
712 3909 806 3974 etiam
831 3913 992 3992 pertrahit.
1036 3913 1106 3976 Hos
1133 3915 1226 3979 habet

197 4014 352 4090 arbitros,
373 4035 409 4075 ac
428 4025 522 4076 testes
543 4024 717 4094 perpetuos
732 4013 802 4074 vita
816 4034 895 4090 sue,
914 4016 972 4077 hos
992 4012 1086 4077 habet
1099 4015 1132 4076 in
1148 4036 1225 4076 con·

195 4112 291 4188 siliis,
313 4115 370 4177 bos
392 4115 485 4178 habet
505 4113 652 4177 itinerum
670 4114 813 4178 comites.
849 4115 901 4179 ab
915 4115 961 4176 his
979 4113 1086 4195 stipari
1107 4116 1225 4198 gaudet

164 4240 168 4247 ·
195 4213 319 4298 potins,
330 4235 431 4298 vquarn
444 4216 521 4276 luxu
535 4214 666 4296 perditis
680 4213 866 4296 juvenibus,
887 4228 940 4279 aut
948 4215 1154 4291 mulierculis,
1171 4236 1225 4285 aut

196 4314 290 4377 etiam
302 4315 456 4398 torquatis
478 4315 587 4378 Midis
605 4327 658 4379 aut
673 4315 837 4380 insinceris
851 4315 978 4394 officiis,
998 4336 1136 4400 qiaorum
1147 4315 1226 4381 aliua

191 4415 236 4478 ad
252 4418 429 4498 voluptates
440 4416 573 4499 ineptas
586 4426 718 4492 avocet,
741 4416 820 4481 alius
834 4418 874 4481 ad
889 4417 1086 4499 tyrannidem
1104 4415 1226 4481 inflam-
