2632 5086
11 982 35 1053 ἒ*

217 747 306 858 aaa·
503 787 566 859 De
591 767 744 883 Guajaci
767 768 957 858 medicina
987 796 993 835 ²

215 972 407 1038 Prusentius
430 998 450 1038 e
468 976 636 1056 (majano,
674 977 728 1038 eui
752 986 837 1041 nunc
862 976 1075 1041 describendo
1097 962 1240 1043 'antinum

214 1076 318 1160 adjeci
343 1076 535 1154 remedium,
567 1080 663 1142 immo
691 1099 735 1142 ex
756 1098 824 1141 uno
843 1081 937 1142 salus.
1034 1087 1037 1093 ’

608 1286 836 1319 ...L-...-

619 1463 731 1532 carm
769 1465 827 1529 Vl.

235 1671 386 1771 Guajaci
411 1669 611 1769 descriptio
637 1680 675 1743 et
699 1670 778 1770 ejus
802 1669 966 1771 inventia
991 1665 1209 1776 ac'nomen.
1263 1691 1265 1696 ’

285 1888 383 1972 Quod
407 1888 434 1951 si
459 1887 621 1964 bonorum
645 1880 763 1969 pariter
788 1876 1007 1968 maiorumque
1026 1906 1150 1948 sursum
1179 1887 1237 1947 inr-

209 1994 348 2076 putanda
366 1991 447 2052 ratio
467 2000 531 2065 est,
552 1998 704 2077 quantum
723 1987 846 2066 superis
866 1988 907 2049 da
926 1984 1059 2066 Guajaci
1078 1973 1244 2066 beneficio*

210 2090 387 2155 debemus?
417 2090 483 2152 Aut
503 2099 623 2170 qiranto
643 2090 708 2149 hac
727 2086 903 2168 benignitas
923 2085 1039 2159 rarior,
1071 2107 1166 2168 quarn
1184 2084 1238 2150 iila

209 2191 304 2256 tristis
325 2188 439 2270 paena?
469 2189 653 2250 Translatus
679 2186 749 2264 ejus
775 2207 793 2245 e
814 2187 971 2268 Spagnola
995 2185 1097 2249 insula
1117 2186 1155 2248 ad
1176 2206 1236 2249 nns

189 2306 285 2357 usus
304 2301 361 2354 est.
400 2291 446 2349 Ea
467 2286 499 2348 in
514 2287 697 2360 occidente,
718 2284 807 2367 juxta
822 2285 1015 2361 Ameriam,
1037 2296 1134 2368 atqua
1153 2286 1236 2349 aden

208 2412 246 2456 ea
264 2402 353 2474 parte
380 2389 440 2452 sita
464 2399 528 2461 est,
563 2409 625 2470 qua
657 2385 803 2449 Amerina
829 2387 1027 2463 longitudine
1055 2386 1088 2448 in
1110 2401 1236 2469 septen·

205 2492 345 2557 trionem
363 2488 495 2563 desinit,
517 2486 607 2550 simul
628 2508 698 2548 eum
719 2486 768 2549 itta
788 2486 1007 2568 superioribus
1027 2490 1132 2563 annis,
1153 2489 1236 2554 inte'r

208 2612 309 2655 novas
329 2603 446 2663 terras,
482 2598 515 2649 et
535 2587 671 2670 antiquis
691 2586 868 2667 incognitas
888 2598 1024 2668 reperta.
1063 2586 1167 2670 Ipsius
1186 2590 1235 2651 in·

206 2693 282 2753 sulae
307 2708 417 2752 omnes
445 2687 561 2750 morbo
588 2687 709 2749 Gallico
739 2687 909 2777 aliquanda
937 2687 1080 2750 laborant
1109 2692 1234 2764 accolae,

206 2788 473 2873 quemadmodum
492 2785 621 2850 variolis
641 2807 711 2849 nos.
750 2788 865 2870 Neque
881 2783 945 2849 ‘alio
961 2800 1070 2851 contra
1089 2791 1233 2853 remedio

204 2900 347 2953 utuntur.
384 2888 509 2953 Nobilis
529 2887 655 2971 quidam
675 2887 833 2967 Hispanus
853 2908 925 2951 curn
946 2900 1084 2972 quaestor
1099 2888 1139 2965 ‘in
1158 2912 1235 2972 pro·

204 2990 309 3055 vincia
328 3000 430 3064 esset,
457 2975 493 3049 aa
511 2988 626 3052 morbo
652 2989 722 3067 ipso
742 2988 881 3071 graviter
901 2988 1113 3071 affligeretur,
1143 3012 1234 3053 mon·

204 3104 300 3158 strata
331 3093 371 3154 ab
399 3089 557 3173 indigenis
583 3088 756 3166 medicina,
789 3110 881 3152 usum
907 3087 977 3169 ejus
1003 3089 1036 3150 iu
1065 3089 1233 3170 Hispanias

205 3193 326 3270 attulit,
356 3190 493 3273 primum
512 3186 644 3263 anxius,
680 3211 722 3251 ne
749 3210 816 3251 non
840 3201 1049 3278 transmare,
1078 3189 1180 3272 qualis
1200 3192 1234 3254 in

204 3284 324 3365 insula,
344 3300 427 3352 esset
440 3287 511 3368 ejus
531 3292 673 3351 effeetus.
710 3289 868 3351 Nolehant
886 3290 1108 3353 commendare
1128 3291 1233 3371 ipsum

204 3388 339 3464 medici,
365 3398 485 3448 tantum
512 3386 658 3453 videntes
686 3389 820 3472 quaestui
845 3411 905 3452 suo
925 3391 1100 3478 decedere,
1127 3392 1233 3453 donee

204 3510 241 3554 aa
260 3489 456 3552 intruserunt
474 3489 558 3550 ultro
584 3500 617 3551 et
635 3488 693 3570 ipsi
714 3491 793 3551 hanc
813 3489 846 3551 in
865 3510 992 3564 curam,
1026 3503 1110 3564 tanta
1128 3493 1233 3554 statim

204 3587 399 3671 arrogantia,
429 3592 466 3651 ut
483 3601 602 3671 negent
621 3589 762 3663 restitui,
791 3589 846 3671 qui
865 3589 1001 3653 transitis
1021 3585 1233 3672 eorum'prae·

202 3687 327 3769 seriptis
341 3685 517 3766 Guajacurn
531 3689 677 3752 insumat·
716 3691 814 3770 Quod
834 3690 933 3753 miror
953 3692 1118 3775 quomodo
1139 3693 1232 3754 alicui

203 3787 436 3873 persuadeant,
472 3809 546 3851 eum
573 3791 613 3851 sit
641 3792 804 3873 cognitum
829 3795 933 3854 nultos
959 3792 1060 3854 fnisse
1090 3813 1232 3876 unquam

202 3892 254 3954 itta
284 3891 317 3952 in
351 3888 452 3950 insula
480 3888 646 3966 medicos,
679 3890 811 3972 Gnajaci
843 3915 934 3957 usum
966 3899 1092 3974 semper
1120 3895 1233 3958 fuisse.

203 3989 268 4054 Sed
284 3989 361 4075 quid
378 3987 499 4070 negotii
517 3990 647 4052 medicis
659 3992 714 4054 hac
729 3993 762 4054 in
778 3995 942 4059 curatione
962 4014 1032 4056 esse
1048 3996 1238 4070 conveniam

202 4102 276 4173 post
304 4092 400 4172 paulo
425 4089 539 4152 nicam.
577 4092 670 4153 Nune
696 4094 737 4155 de
763 4117 800 4157 re
828 4095 1001 4174 proposita.
1047 4096 1171 4158 Nomen
1199 4096 1231 4159 ei

202 4190 348 4255 fecerunt
368 4185 555 4269 Guajacum.
601 4191 652 4261 Sic
672 4193 755 4255 enirn
778 4178 877 4255 liniis
890 4193 972 4255 'iliud
989 4192 1113 4269 latinis,
1139 4196 1230 4276 quod

202 4312 277 4354 cum
294 4290 380 4355 hiatu'
404 4287 792 4379 Hujacurnpronunciant
821 4292 988 4366 insulares,
1021 4291 1061 4351 ab
1084 4291 1230 4371 ipsorum
1263 4278 1270 4291 ⁸

150 4462 153 4467 ¹
201 4388 360 4466 ideumat'e
385 4389 584 4473 eacaperunt
610 4392 753 4474 Hispali.
790 4393 871 4457 Nam
894 4391 972 4456 mihi
996 4393 1136 4457 nan-avit
1160 4396 1229 4459 Au·-
