2632 5086
142 781 184 852 ta
413 767 468 845 Ad
492 768 594 845 Bilib.
619 765 865 844 Pirckheimer

138 965 169 1026 iu
188 984 247 1026 usu
275 963 406 1038 habere,
438 961 493 1025 ubi
519 962 666 1043 exemplis
687 983 753 1024 non
771 982 864 1043 eges,
891 958 973 1026 haud
993 960 1146 1046 ignauis,

114 1085 230 1146 ‚quam
251 1065 352 1138 multi,
381 1076 412 1125 et
438 1063 493 1146 qui
511 1064 574 1125 lucc
592 1063 725 1124 feliciter
744 1061 980 1142 cottjuuxeriut:
1008 1066 1144 1139 deiude,

138 1186 231 1245 quam
260 1165 429 1246 contempti
460 1162 535 1226 olim
561 1163 692 1238 luerint,
728 1158 843 1224 saeclum
876 1164 933 1225 hac
962 1175 1148 1244 teunpnstate

137 1265 212 1340 sint,
244 1267 300 1347 qui
329 1268 374 1327 sic
402 1266 554 1339 otiantur,
585 1275 621 1324 ut
648 1287 709 1331 nou
738 1260 906 1345 aliquando
936 1263 1064 1341 negotia
1095 1265 1151 1325 vel

137 1362 296 1428 succisivis
315 1364 507 1445 temporibus
527 1363 693 1425 admittant.
740 1365 807 1424 Nec
830 1383 879 1424 uie
898 1363 1023 1425 sunuruis
1043 1362 1170 1427 tamen¹

138 1461 270 1543 ingeniis
290 1465 410 1539 insero,
431 1464 487 1527 scd
506 1465 589 1527 serre
608 1466 670 1525 lucc
690 1474 815 1537 natura,
836 1466 899 1525 lraec.
915 1477 987 1525 utar
999 1464 1150 1525 domesti-

138 1584 208 1625 eum
218 1582 319 1639 sutrini,
329 1564 522 1647 tranquillam
535 1564 753 1626 obscuritatem
759 1563 808 1623 vcl
818 1562 946 1623 omnino
955 1584 1019 1623 uon
1029 1575 1147 1643 potest,

138 1665 187 1723 vel
201 1664 299 1740 adhuc
317 1682 380 1724 tion
398 1674 511 1744 potest.
539 1663 612 1726 Sine
626 1664 792 1725 ‹lelcrrcre
804 1665 886 1726 tinne
899 1665 1061 1737 ardorem,
1085 1664 1151 1727 ani·

136 1784 222 1824 mum
240 1763 445 1846 irrequietum
464 1775 496 1826 et
512 1763 687 1825 versatilem
704 1782 869 1844 parumper
886 1764 1046 1837 delassari3
1073 1767 1150 1827 dum

137 1862 226 1924 istam
241 1876 396 1926 utcreatur
407 1863 559 1946 quidem,
583 1863 623 1924 ad
635 1884 728 1944 quam
740 1885 790 1924 me
803 1874 874 1924 ante
889 1874 1028 1944 tempus,
1055 1877 1090 1926 ut
1104 1866 1150 1928 ai·

137 1963 245 2038 dettrr,
265 1963 396 2026 hortaris
407 1966 445 2037 ¹).
465 1963 499 2024 Si
509 1964 660 2024 rationem
674 1960 870 2045 originitus,
884 1987 977 2048 quam
988 1965 1047 2025 sub
1058 1966 1150 2027 Prin·

137 2068 206 2148 cipe
216 2086 293 2147 ago:
309 2085 478 2148 nusquam,
488 2060 561 2124 milri
572 2063 681 2136 erede,
692 2063 851 2125 studiosus
863 2064 960 2141 magis
979 2064 1044 2139 sni,
1057 2046 1174 2128 Prin-'²
1185 2092 1190 2101 ·

136 2165 206 2247 cipe
223 2167 426 2227 sufficientum
440 2163 477 2225 ad
494 2162 555 2224 hoe
571 2159 689 2245 quitem
708 2160 900 2243 indulgente.
920 2165 997 2223 Nam
1016 2185 1086 2245 apae
1103 2175 1150 2227 est
1194 2210 1197 2215 -

135 2265 216 2328 illius
242 2264 435 2347 benignitas,
469 2264 590 2345 plenam
613 2285 631 2323 a
651 2263 831 2339 vrtlgaribns
857 2264 1170 2340 consultationibus,¹

137 2377 168 2427 ct
192 2364 317 2446 plebeio
343 2386 446 2426 rernm
474 2373 602 2424 tractatu
628 2361 827 2423 vocationem
853 2363 1026 2426 concessit:
1060 2366 1151 2447 quod

138 2486 200 2547 ego
220 2478 341 2544 tempus
361 2461 470 2526 studiis
490 2458 659 2533 admetior3
692 2472 803 2541 practer
822 2462 897 2525 illud
917 2463 1029 2537 otium,
1060 2466 1151 2546 quod

138 2585 209 2626 crim
226 2564 291 2626 aliis
306 2563 379 2624 milri
391 2580 556 2624 commune
572 2571 628 2621 cst.
654 2562 811 2640 Quocirca
825 2563 1000 2641 portatilem
1014 2565 1151 2629 maxime

137 2664 372 2736 bibliothecam,
397 2662 710 2742 optimumquemquc
740 2674 919 2737 anctorum,
945 2684 1067 2725 maetam
1089 2665 1152 2726 cir-

138 2761 298 2824 cumfero:
317 2782 354 2822 ae
372 2762 426 2822 ubi
439 2761 527 2834 lieet,
548 2757 664 2841 aliquid
683 2763 773 2842 lego,
793 2783 1026 2845 nonnumquam
1041 2763 1150 2827 scribo

139 2860 249 2933 etiam;
279 2872 309 2922 et
334 2876 415 2940 saepe
440 2860 472 2921 in
499 2861 590 2923 turba
614 2861 699 2923 solus
727 2882 813 2921 stant:
844 2883 1030 2943 quamquam
1056 2864 1152 2927 ctiam

140 2961 199 3023 soli
218 2983 286 3023 esse
306 2960 386 3021 licet.
424 2956 493 3023 Jam
513 2972 544 3023 et
562 2970 763 3042 anagnostam
781 2958 854 3021 milti
875 2982 994 3043 qucro;
1015 2982 1153 3041 patenam

137 3062 272 3146 aliquem
298 3060 426 3143 iugenio
448 3061 553 3136 bono,
580 3071 611 3123 et
630 3061 663 3122 in
682 3059 790 3122 studiis
810 3060 966 3142 aliquanto
986 3059 1049 3139 jam
1068 3064 1152 3141 plus,

139 3184 231 3244 quam
257 3160 311 3242 qui
341 3163 460 3238 vulgo,
496 3161 649 3240 peritum:
684 3159 738 3242 qui
767 3160 914 3240 capedite
941 3159 1016 3220 aciat
1042 3163 1152 3243 legere

140 3274 171 3323 et
200 3282 307 3323 ananum
341 3262 491 3322 velociate
529 3260 694 3324 dictantem
726 3259 816 3322 facile
849 3272 1084 3341 consequatur:
1118 3260 1153 3322 in

140 3361 249 3426 studiis
269 3358 324 3440 qiu
343 3357 415 3419 inihi
437 3359 604 3434 ministret,
629 3379 665 3419 ac
683 3359 823 3420 laboratu
842 3359 968 3419 minuat.
1006 3361 1152 3422 Necdum

140 3465 220 3526 bene
239 3461 398 3530 instituere
425 3460 480 3521 tibi
506 3459 600 3521 vitam
619 3458 757 3518 videor?
788 3469 819 3518 et
836 3458 938 3519 adhue
961 3457 1049 3519 istam
1077 3458 1154 3521 milri

141 3563 300 3626 catilenam
320 3560 454 3639 repetis:
482 3558 596 3639 dignus
617 3576 667 3630 es,
693 3555 747 3638 qui
767 3556 806 3615 ab
825 3557 931 3619 aulicis
950 3559 1151 3638 praeservaris

143 3659 311 3725 arumnis?
348 3660 497 3739 Agnosco
525 3656 661 3719 studium
687 3655 718 3716 iu
742 3676 792 3716 me
813 3666 923 3723 tuum:
952 3657 1076 3719 salutari
1096 3660 1153 3721 ad.

142 3761 313 3828 monitione
338 3759 436 3820 amico
462 3757 608 3820 consulis.
653 3755 686 3817 Si
710 3755 850 3817 notulam
875 3777 925 3818 me
950 3756 1016 3819 istis
1042 3758 1151 3838 eripis,

142 3859 355 3925 acerbioribus
382 3859 481 3920 adhue
507 3855 645 3918 ferendis
675 3855 879 3919 incommodis
909 3860 989 3936 (jam
1015 3859 1076 3919 hoc
1102 3857 1151 3919 vi·

142 3963 279 4026 dandum
302 3969 350 4021 eat
376 3957 476 4032 enim)
504 3954 665 4037 relinquis.
712 3955 755 4015 Et
783 3955 834 4017 die
860 3954 954 4017 mini:
988 3956 1153 4036 provisum

143 4063 254 4136 halles,
274 4059 359 4121 unde
380 4077 430 4119 me
449 4055 605 4132 detineas,
627 4065 658 4116 et
676 4051 731 4114 ubi
750 4054 912 4117 colloces?
932 4065 984 4116 aut
1003 4075 1074 4117 cum
1094 4067 1152 4119 tuo

144 4172 223 4223 statu
239 4179 342 4221 meum
353 4155 500 4220 conferri
518 4165 550 4218 ct
564 4154 826 4236 quemadmodum
840 4154 874 4218 in
885 4153 1062 4216 civitatibus
1082 4176 1151 4231 voa,

146 4280 309 4296 n——O-—fl

146 4368 151 4376 '
180 4366 209 4429 ⁴)
231 4365 516 4419 terruannorum.
