2632 5086
562 735 735 830 Epistola.
1110 741 1131 812 7
1136 743 1155 814 7

147 931 237 1014 qnod
254 927 343 992 sciret
360 929 479 991 literas.
525 928 617 990 Adeo
639 927 781 991 indurata
799 940 872 992 sunt
889 930 988 991 adhue
1009 929 1157 995 adsersus

146 1029 359 1093 humaniorem
391 1029 609 1091 humanitatem
633 1041 808 1091 nostrorum
835 1031 950 1104 corola3
987 1032 1076 1092 adeo·
1092 1048 1180 1103 non,

148 1131 283 1212 sapiunt,
303 1151 392 1212 quos
412 1141 499 1191 recte
518 1150 627 1208 sapere
647 1129 763 1209 primos
785 1131 934 1210 oportuit.
974 1133 1158 1212 Quanquam

149 1231 187 1293 ab
202 1252 275 1294 aure
302 1228 440 1291 Caesaris
464 1240 607 1309 potentes
626 1230 679 1311 qui
703 1242 791 1304 sunt,
817 1231 848 1292 lri
868 1231 1020 1293 sanctioni
1044 1241 1157 1293 nostrae

149 1331 310 1413 plmimnm
332 1330 460 1391 deferre
486 1327 641 1391 ridentur.
692 1329 777 1391 lolem
802 1331 885 1411 apud
903 1328 1044 1412 reliquos
1066 1332 1158 1392 Prin-

146 1432 242 1511 cipes,
277 1430 424 1513 qni-non
448 1429 481 1490 in
499 1428 662 1509 postremis
685 1431 892 1508 recumbunt,
922 1452 957 1492 ao
983 1432 1041 1510 ipsi
1067 1432 1158 1493 etiam

146 1531 308 1612 Principes
330 1528 423 1590 nobis
444 1530 643 1608 pollicentur;
670 1528 792 1610 quibus
809 1551 867 1592 nos
891 1532 1011 1611 magnis
1035 1532 1159 1593 interim

143 1631 327 1693 nominibus
348 1629 579 1708 applaudimus,
610 1629 797 1690 Maecenates
826 1649 1067 1710 nonnunquam,
1109 1633 1159 1692 rel

142 1732 309 1811 Augrrstos
348 1740 514 1791 vocantes:
558 1750 640 1803 non,
678 1729 764 1810 quod
795 1731 862 1789 ullae
894 1732 954 1790 hoc
993 1730 1159 1812 aliquando

142 1829 266 1893 ilenrrn
287 1830 424 1891 virtutes
439 1840 635 1901 mercantum
673 1850 771 1910 qrrurn
790 1828 886 1910 aliqui
906 1829 1031 1909 publico
1054 1828 1159 1909 potius

144 1933 242 2003 onio,
285 1950 381 2011 quam
402 1929 535 2008 privato
566 1928 675 1989 lavore
715 1928 800 2010 digni
839 1929 917 1990 sint:
964 1951 1073 1990 verum
1104 1949 1160 2009 spe

143 2031 279 2113 «praelatu
318 2031 358 2089 ad
387 2029 522 2107 pristinae
558 2029 717 2090 bonilatis
734 2031 960 2091 emulationem
993 2030 1159 2093 excitandi.

141 2130 201 2192 irbi
223 2132 258 2205 *J
297 2128 423 2208 penitus
460 2140 566 2190 nostra
605 2150 662 2189 nos
695 2128 804 2189 lelellit
845 2129 964 2209 opinio.
1024 2131 1159 2212 Ario-os

140 2228 200 2310 jam
226 2229 316 2291 enim
343 2229 491 2311 coegimus
521 2230 643 2305 pudore
675 2229 722 2290 sui
749 2229 934 2289 benefacere
962 2228 1070 2302 nobis,
1104 2227 1159 2310 qui

141 2329 167 2390 si
184 2328 262 2390 nihil
284 2327 389 2402 aliud,
408 2331 469 2390 hoc
487 2327 549 2407 jam
568 2338 774 2406 accepcnrnt,
801 2329 887 2410 quod
907 2327 1015 2389 favere
1034 2326 1159 2401 litteris,

142 2429 176 2490 id
201 2430 241 2491 sit
263 2427 416 2507 Principe
445 2429 584 2507 dignum.
636 2430 739 2507 Quare
756 2426 934 2488 eonsilium
964 2438 1012 2487 est
1037 2428 1159 2501 meum,

146 2528 398 2590 benevolentiam
420 2527 593 2589 istiusmodi
616 2527 737 2610 generis
760 2527 920 2588 hominum
938 2527 1039 2588 modis
1058 2527 1159 2591 omni·

143 2628 202 2689 bns
224 2639 373 2709 captare,
398 2647 434 2689 ac
459 2626 515 2688 ubi
540 2627 595 2688 ubi
621 2627 741 2688 licuerit
758 2626 805 2702 ³³)
835 2626 946 2688 lavore
967 2626 1158 2707 Principium

142 2729 225 2791 retis
249 2728 402 2802 tendere,
429 2737 461 2788 et
485 2728 527 2788 ob
554 2725 586 2788 id
612 2727 669 2787 illis
696 2727 871 2799 adhaerere,
900 2747 935 2787 oc
958 2727 1083 2805 publicu
1110 2727 1159 2789 in·
1218 2805 1221 2810 Ι

147 2837 328 2888 cunctanter
346 2845 484 2888 munera·
496 2826 599 2899 obire3
625 2835 660 2885 ut
679 2847 735 2886 nos
762 2826 806 2887 ibi
831 2827 1062 2888 conformemus
1081 2827 1157 2902 aliis,

145 2926 318 3008 presertim
342 2927 426 2987 nulla
453 2925 511 2987 alia
527 2926 579 2986 ria
602 2946 765 3006 emergere
793 2947 890 3008 quum
912 2925 1072 2988 videamus
1090 2948 1157 3001 eos,

144 3027 199 3110 qui
219 3029 309 3107 leges
328 3027 535 3104 profitentur3
564 3036 595 3085 et
615 3026 773 3104 Theologi
793 3025 848 3106 qui
869 3036 1038 3097 recautum
1076 3047 1156 3108 quos

142 3127 278 3206 clipeos
295 3127 361 3186 lraec
375 3125 427 3186 alit
442 3125 577 3187 ambitio.
617 3126 712 3206 Quod
728 3126 801 3185 dum
818 3146 935 3199 conor,
951 3127 1096 3189 reclamas
1111 3137 1157 3200 tu,
1244 3205 1248 3212 Ι

141 3241 172 3291 et
190 3240 354 3308 tamquam
380 3224 420 3286 ad
445 3245 587 3286 errorum
615 3225 780 3286 abeuntem
804 3246 853 3286 me
882 3245 1023 3287 revocas.
1060 3217 1157 3307 Quasi

141 3347 222 3388 vero
243 3345 312 3386 non
330 3323 451 3403 possint
468 3326 531 3385 hee
549 3325 639 3385 simul
658 3324 729 3404 egi3
758 3336 810 3384 aut
832 3336 866 3384 tu
878 3326 1069 3406 aliquando,
1089 3328 1158 3388 aula

142 3425 288 3488 omnium
306 3423 583 3497 turbulentissima,
617 3444 718 3505 quum
737 3434 770 3485 te
790 3427 974 3487 vertendum
991 3426 1030 3486 ad
1049 3445 1156 3487 rerer·

142 3527 277 3591 mudum
299 3525 467 3606 preberes,
488 3533 519 3582 et
540 3522 623 3583 curis
645 3543 682 3582 ae
703 3523 960 3587 sollicitudinibus
976 3527 1156 3588 commode·

141 3631 244 3703 mis,
270 3629 432 3699 vellaus,
459 3644 556 3706 quum
575 3622 719 3683 militares
744 3624 852 3697 etiam,
883 3636 915 3685 et
935 3624 1075 3687 Civitatis
1095 3637 1155 3687 tuae

144 3731 245 3811 copiis
266 3747 366 3809 quum
384 3743 548 3803 praeesses,
576 3722 692 3794 studia,
717 3722 842 3785 interim
860 3724 1018 3798 omiseris,
1039 3736 1070 3786 et
1090 3745 1155 3785 non

142 3829 315 3913 aliquando
340 3825 386 3884 his
415 3834 445 3882 te
472 3820 677 3882 delinimentis
695 3820 911 3884 refovendum
931 3824 1071 3886 dederis:
1102 3834 1156 3885 aut

143 3930 183 3989 dc
200 3946 255 3989 me
283 3925 327 3986 ibi
354 3925 574 3984 conclamatum
599 3921 657 3994 sit;
687 3932 717 3981 et
736 3920 915 3983 imbecillius
935 3924 994 3984 hoc
1012 3923 1154 3994 rideatur

141 4027 328 4110 ingenium,
349 4040 442 4107 qrratn
455 4033 490 4084 ut
507 4022 571 4084 duo
584 4022 646 4082 brec
659 4020 816 4081 sustineat.
855 4021 920 4083 Nisi
939 4042 1017 4084 vero
1035 4043 1153 4084 novum

141 4128 200 4189 tibi
212 4127 356 4199 ridetur,
382 4124 463 4185 inter
479 4121 605 4202 negotiu
620 4121 768 4194 literatus,
789 4131 820 4180 et
833 4140 904 4182 sum
917 4121 1012 4182 literis
1026 4122 1154 4205 negotia

179 4333 209 4397 ⁸)
231 4338 296 4385 m:
312 4336 361 4381 ubl.
398 4329 442 4391 **)
461 4336 579 4382 luceru:
595 4333 672 4383 liceat.
