2632 5086
209 798 280 869 290
497 786 559 858 De
584 782 738 880 Guajaci
760 781 952 855 medicina

207 978 371 1053 rietatem,
405 989 437 1040 et
461 975 604 1057 copiam,
636 994 673 1035 ac
698 973 831 1054 opipare
855 973 1002 1036 conditos
1029 974 1099 1035 illos
1125 973 1234 1047 cibos,
1280 1000 1283 1005 ¹

208 1079 337 1142 crudam
366 1076 522 1159 consequi
553 1074 766 1156 percoctionis
799 1073 985 1136 molestiam.
1036 1074 1128 1135 Unde
1153 1087 1236 1153 „post

209 1176 323 1241 obvius
344 1177 429 1240 sorte
443 1177 590 1237 Platoni:
616 1175 687 1236 Vos
700 1195 722 1236 o
739 1174 849 1237 Plato!
874 1173 972 1248 dixit,
995 1174 1027 1236 in
1047 1185 1237 1256 sequentem

206 1277 306 1355 magis
331 1279 417 1340 diem
442 1277 526 1338 bene
546 1273 693 1348 coenatis,
719 1294 813 1357 quam
838 1275 872 1337 in
897 1286 1091 1355 praesentem.
1130 1275 1236 1337 Porro

207 1378 292 1458 apud
319 1378 498 1439 Lucianum
526 1373 757 1457 Pythagoricus
782 1375 833 1437 illc
866 1374 988 1448 Gallus,
1024 1385 1060 1435 ut
1087 1396 1238 1457 magnum

206 1475 352 1540 Deorum
391 1475 582 1537 beneficiam
615 1473 746 1553 Myrillo
782 1475 935 1555 imputat,
985 1477 1075 1555 quod
1111 1496 1237 1538 omnem

207 1598 332 1657 semper
352 1576 473 1638 febrem
496 1575 600 1636 inedia
626 1577 781 1654 repellere
801 1574 887 1639 sciat.
928 1575 981 1638 Ob
1004 1575 1102 1659 idque
1127 1574 1236 1655 hujus·

206 1676 332 1740 cemodi
362 1677 476 1738 morbo
509 1675 685 1738 remedium
714 1675 850 1738 inediam
882 1687 985 1739 rorat.
1041 1677 1112 1739 Jam
1141 1676 1235 1758 quale

206 1778 383 1861 putandum
401 1778 482 1852 hoc,
511 1777 601 1858 quod
619 1770 712 1838 divus
733 1776 948 1854 Hieronymus
969 1777 1094 1850 scribit,
1119 1776 1233 1837 morbo

206 1878 364 1941 articulari
382 1889 415 1940 et
432 1878 574 1960 podagra
596 1878 773 1940 laborantes
799 1878 974 1960 quosdam.
1003 1876 1234 1958 proscriptione

206 1978 384 2051 bonerum,
411 1980 451 2038 ad
471 1978 642 2057 simplicem
667 1996 822 2052 mensam,
851 1990 883 2038 et
902 2000 1059 2057 pauperes
1078 1978 1168 2040 eibos
1186 1999 1236 2039 re·

205 2079 317 2142 doctos
334 2077 565 2139 convaluisse?
592 2088 757 2139 caruerant
775 2078 859 2138 enim
874 2078 1099 2153 sollieitudine,
1122 2079 1234 2160 inquit,

206 2179 424 2258 dispensandas
445 2179 576 2249 (lomus,
605 2190 637 2238 et
656 2180 820 2257 epularum
835 2178 997 2260 largitate,
1024 2199 1094 2260 qaae
1115 2190 1147 2238 et
1165 2200 1236 2240 cor·

205 2298 267 2358 pus
283 2277 436 2359 frangunt
453 2288 483 2339 et
501 2277 644 2338 animam.
683 2279 724 2337 Et
740 2279 834 2358 paulo
848 2289 938 2356 post:
970 2277 1052 2339 ttihit
1068 2277 1110 2338 ita
1129 2279 1236 2341 obruit

206 2377 345 2441 mimum
365 2391 406 2457 ut
421 2380 532 2460 plenus
553 2388 666 2439 venter
674 2422 687 2451 ,.
706 2390 738 2438 et
758 2388 903 2451 estuans,
928 2391 959 2438 et
978 2380 1037 2439 hirc
1057 2390 1088 2438 ct
1107 2378 1177 2440 ilbir
1200 2400 1234 2440 se

205 2492 352 2555 vertens,
373 2500 408 2540 ac
429 2479 462 2540 in
481 2490 591 2541 ructus
608 2489 640 2539 et
659 2473 797 2558 crepitus
816 2489 985 2538 ventorum
1003 2478 1165 2541 efflatione
1186 2499 1236 2541 re-

206 2581 339 2662 spirans.
378 2580 434 2641 Illa
454 2590 578 2652 autem,
607 2598 699 2659 cpiam
719 2576 823 2638 multis
842 2578 1036 2638 tlocumrnto
1060 2577 1120 2639 crit
1139 2579 1236 2640 bisto-

205 2678 272 2753 ria,
291 2699 362 2759 quaa
376 2677 506 2757 legitur,
528 2678 568 2739 de
584 2678 763 2739 ventricoso
778 2678 916 2759 quodam
929 2690 959 2739 et
975 2677 1074 2739 obeso
1089 2678 1236 2740 Abbate?

206 2776 238 2840 le
258 2796 332 2838 cum
358 2777 528 2840 veheretur
556 2778 595 2839 ad
616 2779 765 2860 quasdam
792 2779 945 2852 thermas,
978 2777 1108 2838 obvium
1127 2779 1236 2840 habuit

205 2875 346 2940 nobilem
363 2877 548 2959 quemdam,
569 2877 626 2961 qui
643 2888 861 2956 percontatus,
884 2899 949 2959 quo
968 2878 1235 2957 proficisceretur,

205 2976 370 3058 respondit
389 2977 516 3052 Abbas,
543 2978 576 3039 in
600 2978 726 3040 balneas
754 2976 801 3040 ire
822 2999 902 3040 sese.
941 2979 1026 3040 'l'am
1047 2981 1112 3055 ille,
1140 3003 1236 3063 quam

206 3077 250 3139 ob
263 3098 388 3141 causam
402 3078 562 3161 quaesivit,
578 3089 609 3140 et
621 3099 660 3138 an
678 3078 781 3159 aliquo
796 3078 953 3139 laboraret
968 3080 1108 3142 morbo?
1126 3081 1235 3143 Abbas

205 3178 309 3241 morbi
329 3178 459 3261 quidem
478 3200 549 3241 esse
567 3177 627 3238 sibi
646 3176 720 3238 nibil
731 3222 739 3252 ‚
760 3178 821 3241 nisi
841 3180 930 3260 quod
950 3181 1065 3241 edendi
1085 3194 1235 3262 appaten-

205 3277 280 3339 tiam
300 3289 473 3359 quaereret,
497 3300 566 3341 eam
587 3300 689 3359 nuper
709 3278 903 3357 deperditam
925 3291 960 3340 ut
979 3282 1125 3362 recipiat,
1146 3284 1235 3344 adire

206 3375 321 3446 calidas
344 3396 458 3458 aquas,
481 3376 513 3437 in
534 3379 596 3439 boc
614 3379 788 3441 remedium
808 3380 959 3442 salubres.
999 3381 1062 3445 Cui
1080 3395 1146 3446 tum
1165 3385 1233 3446 illc:

207 3477 251 3538 At
268 3476 301 3537 in
320 3476 398 3538 banc
411 3495 477 3538 rem
497 3477 609 3540 melior
624 3478 691 3559 ipse
708 3500 770 3559 ego
783 3481 923 3541 medicus
938 3502 1024 3557 sum,
1041 3482 1160 3566 inquit,
1180 3486 1234 3545 ab·

148 3634 151 3641 .
207 3576 403 3657 ductumque
422 3576 597 3653 Abbatem,
616 3578 698 3640 etin
716 3579 929 3658 profundum,
949 3603 985 3642 ac
999 3584 1235 3647 tenebricosum

208 3676 378 3759 quemdam
395 3676 565 3739 demissum
578 3698 751 3753 carcerem,
772 3678 893 3761 aliquot
906 3681 991 3758 dies,
1013 3684 1116 3745 inedia
1131 3705 1233 3745 mace-

207 3774 306 3851 ravit,
338 3787 411 3855 post
433 3776 650 3860 interrogans,
679 3800 754 3840 num
776 3778 839 3859 jam
857 3794 981 3862 appetat
1005 3784 1134 3846 cibum?
1175 3788 1233 3847 lllo

209 3876 388 3941 adnuente:
427 3877 568 3956 Dignum
588 3889 635 3940 est
655 3878 751 3960 igitur
770 3880 832 3954 ait,
863 3885 1041 3947 mercedem
1070 3884 1145 3946 mihi
1173 3906 1232 3966 pro

208 3974 365 4041 medicina
383 3988 419 4039 ut
438 3979 560 4051 solvas,
581 3991 614 4039 et
632 3979 776 4042 ducentis
796 3983 900 4044 aureis
919 3985 1053 4047 nummis
1072 3987 1235 4046 multatum

209 4076 343 4147 dimisit,
372 4098 483 4139 sanum
512 4078 593 4155 jam,
621 4089 655 4139 et
682 4078 715 4140 in
744 4092 863 4143 tantum
892 4083 997 4145 cibum
1023 4096 1232 4164 appetentem,

209 4189 247 4239 ut
266 4176 346 4241 labis
364 4178 457 4240 etiam
482 4187 514 4239 et
535 4178 673 4239 oleribus
699 4188 785 4242 vesei
803 4193 928 4260 posset,
957 4202 1029 4243 eum
1048 4183 1136 4262 prius
1155 4184 1234 4245 deli-

209 4277 365 4343 carissima
381 4298 517 4362 queque
536 4291 719 4358 respueret,
738 4279 852 4346 bellurn
870 4280 991 4343 lacinus
1012 4281 1045 4343 in
1062 4303 1154 4352 eum,
1176 4287 1233 4367 qui

210 4400 277 4442 non
295 4378 466 4449 esuriendo
486 4376 609 4454 eibum,
628 4381 688 4443 sed
705 4391 790 4445 satur
808 4379 944 4443 esuriem
961 4381 1129 4465 quaerebat.
1169 4387 1233 4449 Sed
