2632 5086
355 743 805 845 ad·AlbertumP1·incip.
830 740 890 820 nb.
1058 758 1131 832 293

98 937 254 1001 rationem
277 935 394 997 habere
421 935 620 1016 oportuisse,
648 936 710 1000 nisi
739 938 891 1003 credibile
915 950 965 1003 est
991 937 1131 1005 ludibrio

98 1037 216 1111 nostri,
248 1057 314 1097 non
344 1036 470 1099 virtutis
499 1036 655 1117 majorum
680 1052 864 1104 nostrornm
893 1042 1074 1105 reverentia
1100 1052 1134 1105 et

100 1138 269 1218 opinione,
283 1137 479 1199 concessisse
497 1138 558 1198 sub
573 1138 739 1217 imperinm
753 1141 813 1202 hoc
827 1139 965 1223 reliques
978 1140 1133 1205 nationes.

100 1239 200 1303 Certe
220 1237 368 1320 profecto
389 1238 440 1299 alii
461 1238 582 1300 ruerint
601 1238 661 1315 itti,
680 1241 796 1323 qrribus
815 1241 866 1304 hic
886 1242 1009 1303 habitus
1027 1242 1134 1307 honor

100 1352 165 1413 est,
186 1360 281 1421 quam
293 1337 325 1401 hi
339 1337 395 1421 qui
410 1339 456 1400 sic
472 1337 719 1415 contemnimur,
740 1360 870 1404 necesse
884 1352 942 1402 cst.
980 1343 1033 1404 An
1051 1360 1134 1421 puer

100 1441 133 1502 in
153 1440 240 1501 ltalia
260 1450 326 1513 est,
353 1439 409 1521 qni
430 1440 492 1501 olio
518 1462 593 1515 nos,
622 1462 715 1523 qnam
735 1440 895 1504 ebrietatis
918 1453 1133 1524 cognomento

100 1540 278 1603 discernat?
298 1541 365 1600 Nos
378 1539 472 1619 igitur
484 1541 526 1602 itti
538 1542 732 1616 sumsimus,
746 1563 880 1624 quorum
889 1542 974 1622 prius
984 1540 1134 1624 flagitium

99 1629 132 1703 in
148 1661 206 1704 ore
220 1640 337 1703 exteris
351 1651 415 1714 est,
428 1662 522 1723 qnam
536 1640 568 1702 in
577 1654 685 1704 mente
695 1641 892 1706 humanitatis
905 1641 1062 1721 suspicio,
1081 1652 1136 1704 sut

99 1763 166 1804 non
179 1744 260 1803 harre
271 1753 426 1804 mutamus
441 1741 571 1803 vivendi
587 1742 867 1815 consuetudinem,
883 1752 935 1802 ortt
951 1739 1029 1801 illud
1046 1741 1134 1803 nullo

101 1844 247 1922 pudore,
283 1853 432 1924 tarrqnam
463 1841 594 1919 indigne
628 1842 805 1919 refugimus
837 1839 1135 1904 honestamentum?

103 1944 166 2004 Vel
193 1963 258 2005 non
278 1942 448 2027 aliqnando
472 1942 617 2006 futurum
645 1942 832 2017 metuimus,
865 1953 902 2003 ut
927 1940 1052 2022 turpius
1078 1940 1137 2003 im·

101 2043 182 2124 perii
198 2044 318 2106 titulum
333 2044 450 2125 puriter
463 2057 495 2105 et
513 2044 653 2107 fructum
670 2043 861 2118 ernittemns,
883 2062 978 2123 esuum
993 2039 1135 2123 gloriose

101 2144 274 2225 imperandi
298 2166 412 2208 munus
436 2145 575 2206 oblatum
595 2145 689 2207 nohis
710 2147 795 2206 ultro
817 2139 1020 2223 occepimus?
1040 2142 1135 2203 Tunc

101 2244 234 2321 scilicet,
255 2259 386 2325 propter
406 2247 532 2307 sobrios
549 2247 636 2321 illos,
658 2256 690 2305 et
706 2244 831 2306 ratione
850 2243 1013 2304 vincentes
1034 2241 1135 2304 homi-

102 2368 175 2421 nes,
210 2368 296 2408 nnnc
324 2367 405 2408 vero
432 2347 525 2407 decet
554 2367 614 2408 nos
642 2345 702 2406 sub
729 2343 855 2407 ebriosa
881 2352 914 2403 et
936 2339 1134 2419 humanitatis

101 2458 233 2527 experte
247 2447 410 2521 barbarie,
430 2447 493 2526 pati
514 2444 713 2508 dominium?
740 2444 838 2524 Quod
856 2440 884 2504 si
898 2440 933 2503 in
951 2450 1136 2503 nostrorum

100 2548 264 2609 hominnm
281 2568 409 2610 sensum
424 2568 488 2608 non
505 2546 605 2621 cadit,
625 2566 719 2609 suum
735 2544 912 2625 inteliigere
926 2541 1084 2615 dedecus,
1103 2550 1135 2603 nt

102 2648 278 2729 perniciem
291 2668 497 2728 agnoscamus
512 2650 648 2712 tandem.
668 2653 710 2711 Et
723 2648 750 2710 si
764 2647 840 2708 tanti
851 2644 959 2729 glorie
972 2641 1136 2724 jacturam,

104 2748 346 2829 arrimorumque
374 2748 511 2812 dedecus
531 2770 597 2810 non
616 2748 765 2822 focinms,
801 2768 868 2830 quo
887 2745 992 2808 minus
1011 2743 1135 2824 perdite

105 2849 200 2910 vitam
214 2849 332 2929 degero
355 2847 467 2925 libeat,
488 2852 595 2912 saltem
609 2849 653 2913 ibi
670 2848 842 2930 sapiamus,
858 2859 1083 2926 etcorporum
1097 2843 1135 2907 sit

104 2951 228 3027 integra
251 2948 344 3010 nobis
370 2951 472 3026 sulus,
505 2973 574 3034 quse
594 2951 628 3012 in
645 2951 695 3019 his
716 2948 890 3019 conviviis,
921 2957 1137 3047 lincam-apula,

103 3050 152 3112 his
173 3048 481 3131 compotationibus,
502 3073 581 3134 quas
598 3062 633 3113 ut
654 3051 812 3131 Satyricus
831 3051 953 3137 inquit,

201 3160 395 3215 circumsilit
413 3162 541 3235 aqurine
559 3160 657 3231 sacto

197 3251 395 3309 Morborum
414 3271 504 3308 otnne
525 3272 641 3327 qenus,

102 3370 171 3412 esse
191 3372 256 3413 nou
276 3362 383 3433 potest
397 3351 459 3415 nisi
478 3352 601 3417 artuicus
621 3354 794 3432 etmisera,
814 3356 872 3419 sed
888 3365 1026 3419 mentem
1045 3354 1136 3417 exuit

104 3450 290 3528 (termnum,
313 3473 350 3514 ec
369 3454 419 3515 sui
440 3452 657 3531 obtivisoinn,
676 3476 742 3519 non
761 3466 828 3518 tota
844 3455 893 3518 ills
912 3455 1059 3539 quidem,
1078 3454 1136 3517 sed

78 3582 81 3588 ·
103 3551 137 3612 in
159 3553 328 3615 Germania
352 3554 488 3637 plurimi.
525 3556 569 3619 Hi
592 3568 665 3620 sunt
684 3554 740 3639 qui
760 3554 793 3617 in
813 3574 932 3617 coortam
952 3554 1135 3636 producunt

105 3653 288 3732 prandium,
317 3676 438 3718 curruum
463 3656 497 3719 in
522 3658 688 3739 plurimam
707 3656 788 3718 adeo
813 3666 949 3720 noctem.
987 3654 1033 3720 Hi
1051 3666 1134 3730 sunt,

105 3774 243 3834 qnorum
261 3756 382 3836 flagitio
401 3757 519 3820 factum
545 3770 609 3834 est,
636 3770 673 3821 ut
686 3776 799 3841 magno
814 3755 910 3836 hujus
928 3754 1036 3838 patries
1056 3752 1135 3817 infa-

103 3854 167 3915 mia
194 3854 344 3919 cecinerit
374 3868 527 3920 externus
553 3863 669 3939 poeta,
699 3880 766 3921 non
791 3860 890 3923 mulus
913 3858 966 3922 illu
993 3854 1136 3943 quidemr

106 3956 156 4017 vel
177 3955 220 4017 ob
239 3956 287 4032 id,
308 3958 385 4040 quia
404 3959 510 4019 odisse
529 3962 626 4024 melos
646 3959 784 4023 videtur.

202 4070 289 4122 Arce
305 4068 389 4121 sedet
407 4068 569 4138 Bacchus,
592 4069 723 4145 languet
743 4070 902 4144 neglectus
919 4066 1037 4139 Apollo

268 4163 332 4217 llic
349 4160 435 4216 nibil
451 4169 497 4217 est
513 4162 606 4216 uliud
621 4164 740 4231 viuere,
759 4178 855 4235 qrsam
872 4158 987 4216 bibere.

103 4259 294 4343 Quanquam
322 4260 442 4323 ebriosi
469 4259 527 4336 illi,
558 4282 618 4342 per
641 4261 791 4324 insaniam
810 4272 953 4324 errantes
974 4257 1136 4321 contemni

101 4372 270 4439 poterant,
310 4361 356 4424 illi
383 4382 486 4438 vero,
526 4363 584 4446 qui
609 4362 693 4426 laute
718 4360 897 4436 coenando,
937 4381 974 4423 ue
999 4356 1136 4422 molliter
