2632 5086
198 780 269 852 3⁰8
488 771 548 845 De
572 768 724 869 Guajaci
749 768 932 849 medicina

195 963 314 1048 jaceat,
341 964 379 1031 tu
404 983 524 1025 stimma
541 960 618 1024 nihil
642 980 838 1044 magnopere
870 970 1014 1045 angatur.
1055 960 1228 1044 lllultaque

196 1063 248 1127 liic
266 1074 302 1127 ut
321 1063 394 1126 alibi
414 1075 533 1125 temere
553 1072 585 1123 et
598 1062 688 1124 solita
703 1061 891 1141 nostratium
903 1061 1097 1129 medicorum
1114 1082 1228 1142 super-

197 1163 327 1229 stitione
343 1163 414 1226 lieri
433 1164 550 1237 credo,
580 1182 650 1244 quae
669 1182 736 1223 non
765 1171 920 1241 oporteat.
958 1163 1038 1224 Nam
1056 1172 1092 1225 ut
1110 1182 1170 1243 per
1192 1184 1228 1227 ee

198 1266 317 1329 monet'
331 1263 482 1327 sudorem
508 1246 662 1323 medicina
689 1264 780 1337 haee,
811 1262 854 1324 ita
883 1261 958 1344 cogi
983 1282 1050 1323 non
1081 1262 1227 1325 sustinet.

198 1360 301 1453 Cujus
320 1363 368 1425 rei
389 1367 439 1424 vel
459 1365 519 1424 hoe
540 1360 638 1424 luerit
659 1374 898 1445 argumentum,
925 1363 1014 1446 quod
1033 1361 1109 1424 nilril
1127 1374 1237 1425 rnatu-t

196 1463 262 1528 rius
290 1463 488 1525 sudationum
516 1461 611 1536 milri,
647 1462 744 1525 ternis
779 1475 834 1525 aut
868 1463 1029 1545 quatenns
1062 1475 1227 1526 contectus

197 1563 330 1647 pellibus
350 1564 521 1644 provenire
541 1563 644 1637 sensi,
664 1582 759 1646 quam
778 1564 917 1627 suborta
936 1565 1063 1648 quoties
1082 1563 1225 1626 decubui

199 1667 346 1741 coagula.
363 1680 367 1689 ’
385 1661 509 1755 Verum
527 1662 592 1724 hae
609 1662 741 1746 intelligi
759 1668 852 1737 vole,
875 1664 1080 1727 exudaudum
1095 1663 1227 1725 omniuo

201 1765 309 1838 velim,
332 1772 365 1824 et
383 1761 411 1825 si
430 1761 463 1824 id
489 1764 572 1823 nulla
592 1773 707 1842 sponte
726 1765 800 1839 fiat,
830 1763 896 1826 citu
916 1785 997 1845 opus
1023 1764 1139 1837 videri,
1168 1765 1227 1826 scd

199 1867 321 1931 leviter.
361 1865 489 1945 Quippe
515 1864 689 1927 violentum
710 1864 785 1925 nihil
809 1865 924 1943 probo.
964 1865 1227 1945 Fugicudosque,

201 1966 241 2031 ad
259 1967 349 2050 ignes
372 1965 428 2048 qui
445 1976 570 2028 torrere
590 1984 726 2043 corpora
746 1966 866 2037 solent,
888 1975 941 2026 aut
961 1964 1229 2044 copiosiraeaestu-

201 2068 267 2131 aria
281 2067 474 2140 calefacere,
497 2084 626 2127 moneo.
665 2063 830 2144 Frangunt
850 2063 934 2126 enim
960 2084 1098 2144 corpora
1118 2074 1151 2125 et
1169 2065 1230 2126 hu·

200 2189 323 2242 mores,
344 2166 461 2229 virium
479 2165 637 2226 lumenta.
661 2163 860 2225 exhauriunt.
902 2165 998 2245 Quod
1019 2185 1097 2227 vero
1117 2165 1231 2227 leviter

200 2268 286 2339 dixi,
306 2270 368 2330 hoc
387 2266 433 2330 sic
447 2265 636 2343 capiendum
648 2274 710 2338 est,
731 2263 883 2346 quodqui
896 2285 957 2326 nna
975 2287 1009 2326 sc
1020 2265 1082 2327 surb
1093 2266 1232 2346 stragula

200 2367 424 2453 aliquantisper
440 2365 616 2436 contiueat,
639 2363 734 2424 etiarn
752 2364 779 2426 si
796 2364 836 2425 ad
850 2365 1022 2426 molestiam
1042 2385 1145 2446 usque.
1165 2384 1232 2428 nun

201 2480 372 2544 oneretur,
402 2477 456 2528 aut
483 2463 746 2546 indignationem,
773 2464 846 2526 satis
870 2485 943 2527 eum
974 2462 1116 2541 Guajaeo
1146 2464 1231 2527 intus

203 2579 375 2652 operante,
395 2566 580 2627 sudaturam
603 2574 745 2646 putem„
939 2560 943 2565 ’

580 2997 692 3063 Caeur
731 2995 858 3061 XXlll.

206 3154 406 3253 Quomodo
436 3155 544 3254 juvet
577 3154 755 3263 medicina
790 3156 889 3248 haec,
923 3172 961 3229 ct
985 3157 1160 3255 paulatim
1183 3179 1230 3231 an

383 3306 542 3392 repente
575 3309 767 3365 senescant
798 3318 844 3368 ee
867 3296 1044 3370 homines.

283 3485 346 3549 Sed
366 3485 429 3564 jam
448 3495 569 3565 tempus
589 3505 660 3548 esse
681 3506 776 3562 reor,
799 3486 961 3549 medicinae
977 3487 1072 3568 hujus
1090 3489 1231 3567 effeetus,

208 3587 373 3671 quomodo
392 3587 560 3660 sentiatur,
588 3597 620 3646 et
646 3588 774 3667 quando
799 3589 925 3653 tandem
946 3588 1096 3670 incipiant
1121 3610 1235 3653 consa·

207 3708 340 3752 neseere
363 3688 463 3770 aegri,
491 3686 664 3768 citumque,
678 3683 749 3765 ejus
775 3684 991 3767 juvamentum
1012 3684 1052 3752 sit
1072 3702 1104 3751 et
1122 3692 1230 3765 velox,

207 3808 249 3852 en
266 3789 407 3861 tardum,
426 3794 459 3846 et
476 3776 613 3863 lentum',
632 3786 750 3850 dicere.
788 3788 851 3851 Ubi
871 3801 906 3851 ut
920 3790 1056 3866 inaliis,
1077 3812 1113 3853 ea
1131 3790 1233 3852 dicam

209 3910 280 3973 quaa
303 3885 370 3948 vidi
398 3884 467 3968 ipse
488 3896 520 3948 et
537 3886 694 3969 cognovi,
726 3891 789 3952 hoc
816 3888 880 3971 jam
906 3913 1117 3974 praemonens,
1143 3891 1234 3953 istam

209 3987 244 4052 in
256 4008 308 4052 me
320 3988 443 4066 culpam
461 4005 502 4047 ne
520 3985 670 4067 conjiciat
688 3989 818 4075 aliquis,
838 3991 927 4054 sicui
950 3994 1039 4055 aliter
1057 4004 1153 4075 atque
1169 4012 1233 4070 ego

210 4086 389 4167 scripserim
400 4087 535 4150 eveniat.
573 4087 679 4151 Didici
694 4103 798 4154 autern
811 4090 1024 4171 juvamentum
1041 4092 1111 4172 ejus
1128 4095 1235 4172 paula·

211 4185 434 4269 tim'intelligi,
452 4208 519 4249 non
530 4199 677 4268 repente,
697 4190 812 4254 aenaim
822 4193 1016 4269 procedere,
1034 4212 1099 4252 non
1113 4192 1235 4271 impetu

212 4285 302 4348 lerri.
340 4288 478 4350 'l'autuna
502 4287 590 4352 abest
613 4291 698 4352 enirn
717 4291 819 4354 statim
845 4288 956 4370 juvare
975 4280 1062 4365 eam,
1088 4301 1143 4351 aut
1160 4310 1235 4354 cnm

213 4385 401 4451 liberatoito
413 4387 511 4453 lenire
524 4389 672 4468 dolores,
686 4393 825 4456 ntetiarn
836 4390 1036 4474 aprincipio,
1053 4389 1085 4455 in
1098 4391 1236 4474 quinde-
