2618 5094
209 798 282 869 260
500 789 563 861 De
588 784 741 883 Guajaci
765 784 948 857 medicina

211 1003 374 1067 nunquam
401 1000 508 1046 errare
534 975 637 1040 sinet?
676 977 822 1059 Nequam
847 975 989 1058 ingratus
1017 988 1064 1039 est
1091 978 1140 1039 illc
1169 1000 1241 1045 om.

210 1082 332 1159 essim,-
364 1081 440 1145 milri
468 1079 563 1142 etiam
591 1074 763 1167 jucundus.
811 1076 886 1139 Non
913 1078 1028 1138 durare
1060 1075 1171 1162 apost,
1206 1090 1241 1142 et

212 1186 380 1249 decoctum
420 1178 489 1262 ejus
522 1179 556 1240 in
589 1187 715 1251 estate,
743 1187 827 1273 ¹post
852 1164 984 1240 'tertiinn
1015 1178 1118 1241 statim
1152 1179 1240 1245 diem

210 1285 379 1361 mucescit,
420 1282 454 1344 in
481 1284 515 1359 h)
517 1300 593 1342 cmc
618 1278 719 1375 paulo
743 1277 857 1361 scrius.
900 1278 1012 1363 ltaque
1042 1281 1238 1359 eligendum,

211 1386 302 1469 qusnl
344 1406 439 1469 quam
476 1381 611 1444 maxime
644 1376 844 1458 pinguescit,
893 1390 924 1441 et
958 1380 1116 1475 pornlcre
1143 1383 1237 1444 valet.

211 1483 293 1565 Ejus
316 1497 364 1548 est
384 1484 468 1546 enim
495 1458 621 1544 senectti
645 1478 755 1540 levitas
782 1489 819 1538 et
841 1470 1038 1542 ιιιιιοιειιιιῐοι
1082 1470 1237 1547 Efficaciae

211 1587 251 1649 ab
280 1589 338 1651 hac
372 1570 587 1669 descriptione
617 1597 750 1665 caussas,
795 1580 871 1661 long
852 1600 889 1638 tra
927 1566 1164 1661 disputatione,
1208 1581 1238 1645 si

209 1687 353 1764 videtur,
383 1682 499 1749 medici
526 1684 657 1746 trahant.
703 1681 777 1775 Ego
799 1680 905 1778 potius
912 1674 1016 1762 quod
1036 1680 1076 1743 sit
1096 1662 1238 1764 gaudeo,¹

208 1808 304 1873 quam
316 1789 426 1899 ..quale
436 1785 476 1849 sit
496 1783 636 1867 inquiro.
676 1760 885 1869 Quamquam
890 1773 1022 1842 nnrltum
1042 1776 1148 1844 fateor
1165 1782 1236 1847 illos

207 1886 342 1962 mereri,
372 1908 430 1970 qus
453 1885 590 1966 prinlum
610 1880 768 1965 cognitam
788 1880 859 1959 ejus
879 1872 936 1960 per
956 1881 1062 1942 omnia
1080 1860 1235 1983 naturam,

207 1987 300 2053 nohis
329 1988 462 2050 tradent.
517 1986 611 2046 Nunc
639 2001 718 2043 sero
746 1990 819 2042 siant
849 1982 1018 2058 nonnulli,
1058 1983 1114 2065 qui
1142 1972 1235 2082 qnasi

208 2086 314 2153 omnia
338 2085 385 2148 rei
411 2082 590 2162 indagarint
609 2078 759 2173 vestigia,
785 2080 828 2141 ita
840 2070 887 2139 lh
911 2070 957 2142 his
985 2074 1086 2159 notis,
1118 2083 1236 2149 virium

207 2185 311 2250 statim
327 2182 437 2265 ejusa
411 2183 567 2243 rationem
586 2180 784 2262 expendunt.
821 2173 858 2242 ld
873 2182 989 2293 qnod
982 2196 1144 2248 immature
1162 2187 1235 2249 lieri

206 2282 320 2350 abillis
340 2302 431 2357 reor,
453 2283 499 2345 sic
517 2280 715 2353 existimans,
735 2289 769 2340 ut
788 2277 821 2340 in
839 2276 926 2341 omisi
942 2281 1117 2348 unitersim
1134 2286 1237 2349 medi·

165 2411 168 2418 ·
206 2383 297 2460 cina,
328 2383 374 2445 sic
400 2381 432 2443 in
458 2382 516 2443 hac
534 2377 626 2442 etiam
646 2390 719 2458 post
737 2379 895 2442 intentam
914 2401 983 2444 eam
1003 2387 1234 2472 cogentiumque

207 2482 279 2567 ejus
298 2504 407 2557 usum,
438 2480 554 2544 deinde
582 2479 783 2561 quaerendam
809 2479 975 2575 ratipncm
1013 2484 1076 2546 Scri
1101 2485 1164 2561 jam
1191 2480 1234 2555 ‹to'

205 2606 286 2659 nen,
321 2596 354 2644 et
373 2580 538 2665 quomodo
557 2578 725 2660 praeparari
750 2579 791 2642 ad
814 2578 1001 2647 medicinam
1020 2581 1131 2666 'ipsum
1155 2609 1234 2652 con·

206 2683 323 2745 venriet.
365 2742 368 2747 .

617 2854 811 2879 ‚nnn-n—

575 2974 577 2978 .
600 3018 712 3084 Caene
751 3020 827 3085 Vll.

301 3169 361 3243 Dc
396 3168 671 3276 p'raeparatioue
699 3166 850 3273 Guajaci
878 3172 916 3253 in
940 3175 1133 3253 medicina

290 3342 490 3421 Praeparetur
512 3343 628 3404 hunc
619 3364 650 3404 ιιι
655 3344 812 3406 modurn.
849 3347 991 3431 Lignum
1013 3363 1142 3433 oportet
1165 3352 1232 3436 pri·

203 3460 289 3505 ιιιιιιιι
308 3440 340 3503 in
356 3441 474 3515 frusta,
505 3434 656 3523 quantuni
677 3442 750 3505 licet
765 3446 874 3525 pusilla
891 3451 1079 3534 comminui,
1099 3454 1231 3538 qnidam

202 3541 245 3602 ad
268 3551 397 3601 tornum
418 3541 479 3603 hoc
497 3539 648 3616 faciunt„
668 3541 785 3607 deinde
805 3560 980 3612 ramentum
1001 3552 1105 3633 ipsum
1123 3554 1231 3617 statim

203 3640 496 3702 commedefaciunt.
546 3640 611 3703 Alii
638 3643 726 3721 quod
752 3645 899 3710 derasum
926 3662 975 3711 est
999 3652 1087 3730 prins
1110 3664 1230 3730 terunt,

202 3750 257 3803 aut
283 3739 399 3820 pistillo
425 3741 584 3816 madunt,
614 3750 651 3802 nt
673 3741 705 3802 in
732 3743 860 3808 scobem
887 3751 980 3829 plane
1005 3763 1038 3812 et
1062 3754 1231 3833 pulverem

202 3839 383 3924 redigatur,
409 3860 475 3922 quo
487 3853 653 3918 penetratu
669 3841 790 3906 facilius
808 3847 863 3922 sit,
893 3861 929 3911 ut
941 3848 1011 3930 ejus
1027 3867 1230 3938 excoquatur

203 3940 263 4004 vis.
309 3939 407 4019 Quod
434 3941 556 4003 neseio·
571 3962 611 4003 an
640 3943 759 4027 aliquid
783 3947 909 4012 referat.
954 3953 1030 4015 Vidi
1059 3956 1115 4036 qui
1141 3976 1231 4020 serra

202 4038 447 4102 conscinderent
466 4041 574 4120 prius,
607 4043 723 4105 deinde
742 4060 847 4127 partes
866 4050 1033 4115 ‹lissecatas
1057 4055 1130 4119 lima
1150 4069 1229 4120 atte-

200 4148 324 4213 rerent,
341 4139 441 4220 ipsam
457 4141 585 4202 tandem
599 4142 772 4206 limaturam
789 4167 871 4229 aqna
885 4151 1062 4215 miscerent
1092 4156 1227 4233 Verum,

202 4238 357 4322 quicquid
377 4239 409 4301 itl
429 4250 491 4314 est,
515 4253 569 4303 aut
588 4243 750 4325 ‹lesculpta
768 4246 886 4339 frusta,
913 4262 965 4311 ant
986 4253 1142 4319 elimatam
1156 4276 1230 4320 seo·

201 4338 289 4413 ῑιειιι,
319 4349 374 4401 aut
392 4350 562 4402 contusum
579 4345 762 4423 pulifferem
788 4334 932 4427 pontiore
951 4353 1044 4415 ιιιιίιιι
1063 4356 1166 4435 libne,
1192 4357 1229 4421 in
