2632 5086
348 782 395 854 ad
420 782 609 859 Albertum
633 782 792 884 Princip.
812 784 879 861 lib.
953 894 957 901 .
1061 792 1129 866 2⁶1

99 994 192 1057 'aquae
211 964 369 1050 fontane,
395 986 449 1037 aut
467 972 617 1052 fluvialii,
643 989 696 1041 aut
714 980 750 1040 ut
771 1000 834 1063 ego
856 988 1016 1061 puteane,
1043 980 1130 1049 tibris

102 1086 195 1150 octo,
213 1075 297 1137 diem
313 1087 344 1136 et
362 1088 487 1139 noctem
501 1088 660 1140 macerant
675 1076 790 1141 deinde
807 1092 1027 1165 percoquunt,
1042 1076 1129 1147 lente

102 1198 241 1257 vapore,
271 1177 302 1237 in
325 1179 384 1239 olla
410 1178 541 1246 vitreata
566 1200 667 1254 nova,
701 1190 732 1241 et
757 1180 927 1259 diligenter
953 1183 1054 1256 elota,
1089 1184 1131 1247 ad

101 1298 235 1357 prunam
255 1277 341 1339 horis
365 1266 495 1358 arnplius
521 1298 595 1353 sex,
622 1279 697 1341 (liant
718 1280 757 1341 ad
777 1272 936 1344 dimidiam
956 1293 1075 1363 partem
1093 1302 1128 1344 sc

100 1378 282 1453 imminuat,
316 1398 427 1459 magua
455 1398 531 1440 eura
558 1389 590 1439 et
620 1390 737 1441 attenta
764 1379 926 1455 custodia,
960 1402 1002 1443 ne
1028 1380 1127 1445 nimio

101 1481 206 1539 calore
234 1476 370 1541 ebulliat.
411 1480 488 1540 Nam
514 1480 602 1562 quod
622 1463 852 1554 extrndavcrit,
884 1482 1015 1542 multum
1036 1482 1077 1544 de
1095 1480 1129 1545 vi

100 1580 237 1662 perdere
257 1578 360 1656 ajunt,
382 1591 414 1640 et
432 1578 535 1641 nunus
553 1600 623 1642 esse
641 1582 761 1641 efficax.
800 1581 852 1644 Ob
872 1580 968 1665 idque
987 1582 1026 1645 ad
1042 1584 1128 1646 llam-

100 1701 181 1742 mam
206 1680 304 1762 coqui
330 1702 396 1741 non
425 1678 576 1754 sustinet,
607 1691 639 1741 et
664 1702 796 1761 lacunam
819 1702 950 1766 qnoque
970 1684 1127 1746 modicam

99 1781 196 1861 petit,
218 1801 253 1841 ac
268 1782 359 1842 ollam
378 1803 447 1863 quse
463 1801 529 1841 non
544 1782 717 1860 repleatur,
738 1782 793 1844 sed
809 1779 901 1860 eujus
915 1776 1006 1844 tertia
1027 1804 1085 1863 pro

100 1902 174 1960 pars
199 1892 300 1944 vacet.
351 1882 468 1960 Spuma
496 1902 565 1963 quae
590 1879 672 1942 iuter
690 1887 894 1965 coquendum
924 1877 1042 1944 innatat
1071 1804 1127 1947 tiit5

102 1981 265 2058 trahitur,
315 1984 456 2043 ulcerum
506 1980 621 2063 quibus
668 1980 842 2063 ebungitnr
884 1980 1125 2047 medicamento.

100 2084 181 2144 Nam
206 2079 269 2144 vim
299 2083 330 2144 ei
354 2083 458 2144 inesse
491 2081 728 2143 desiccatoriam
762 2080 1005 2145 efficacissimam
1038 2070 1125 2146 eom-¹

99 2184 248 2265 perimus.
287 2182 339 2244 Sic
366 2182 534 2244 decoctum
554 2180 877 2262 remandaverint,
912 2183 943 2242 in
960 2184 1125 2265 ampullam

97 2286 229 2346 vitream
250 2284 453 2353 delurulimt,
484 2280 599 2343 deiude
619 2303 659 2344 ex
681 2282 788 2344 relicta
807 2284 914 2343 denuo
935 2280 1032 2344 scobe
1052 2303 1125 2346 cum

35 2404 38 2411 ·
96 2386 183 2447 libris
216 2397 312 2459 octo,
345 2384 502 2466 quandam
533 2380 623 2465 quasi
644 2384 765 2458 'toran
794 2393 848 2444 aut
877 2381 1028 2443 tortivum
1051 2402 1125 2462 perd

97 2497 251 2568 coquunt.
295 2486 368 2549 Hoc
387 2496 484 2545 tenue
505 2483 544 2543 ad
571 2482 676 2544 eibum
697 2483 788 2563 potui
816 2482 908 2557 dant,
939 2480 1028 2560 prius
1047 2480 1125 2545 illud

97 2585 260 2649 medicine
279 2586 353 2645 loco
371 2585 529 2646 sorbetur.
575 2583 683 2665 Atque
701 2582 782 2644 adeo
802 2592 905 2643 totum
920 2582 1001 2657 hoc,
1036 2574 1127 2665 quod

95 2708 156 2748 nos
184 2696 273 2745 tanto
312 2694 375 2744 tarn
408 2683 501 2766 gravi
534 2683 647 2745 morbo
676 2681 807 2758 liberat,
841 2683 1009 2745 decoctum
1048 2681 1125 2744 illud

98 2797 157 2847 est.
210 2784 284 2845 Ilec
309 2783 358 2844 rei
386 2780 510 2864 caput,'
526 2783 576 2845 hic
603 2782 700 2844 cardo
732 2782 765 2844 in
801 2803 867 2865 quo
904 2784 987 2845 salus
1016 2793 1124 2846 nostra

98 2882 244 2945 vertitur.
294 2880 408 2965 Neque
441 2893 559 2944 tantum
594 2903 660 2943 non
694 2880 839 2960 indiget,
890 2882 1016 2944 alterius
1050 2902 1124 2964 per·

96 2982 251 3046 mixtione
280 2982 393 3056 ullius3
432 2985 489 3059 sed
516 2980 642 3045 misceri
669 2983 839 3044 etiamnum
866 2993 902 3043 ut
926 2984 1020 3065 paulo
1048 2992 1123 3063 post

95 3083 276 3158 ostendam,
296 3103 363 3145 non
384 3083 527 3147 sustinet.
566 3080 724 3144 Caeterum
743 3100 856 3164 aquam
872 3080 912 3143 ad
929 3082 992 3143 hoc
1010 3080 1120 3163 quari,

94 3189 194 3247 levem
215 3195 247 3244 et
266 3183 425 3264 limpidam
438 3183 558 3244 'vellant
577 3176 717 3264 quidam.
767 3181 831 3246 Alii
850 3181 975 3243 dulcem
995 3200 1121 3245 omnem

95 3286 260 3347 admittunt
290 3280 525 3356 indifferenter,
546 3282 635 3365 quod
653 3281 687 3343 in
706 3282 877 3365 coquendo
897 3279 997 3365 qualis
1018 3276 1123 3366 qualia

96 3386 134 3446 sit
165 3387 348 3467 depuretur.
401 3381 588 3446 Custodiam
631 3402 699 3445 earn
737 3381 821 3444 cirea
858 3393 1043 3457 cocturam,
1075 3402 1118 3445 ue

96 3496 267 3559 exaestuet,
299 3496 353 3547 aut
380 3484 550 3558 efferveat,
581 3483 682 3545 adhuc
702 3481 909 3544 necessariam
930 3503 1039 3544 omncs
1059 3502 1118 3563 pu-

94 3595 177 3658 tant,
209 3581 385 3668 jubentque
413 3584 496 3645 bene
534 3582 711 3646 obturatam
747 3602 817 3644 esse
849 3584 960 3657 ellam,
997 3580 1117 3665 nequid

94 3684 189 3744 etiam
214 3685 361 3766 ‹tespirea
400 3686 472 3759 Ea,
491 3682 557 3746 ‘ubi
580 3684 733 3759 sentitur,
765 3681 938 3762 provenire
963 3702 1115 3765 spumam,

93 3785 207 3845 leniter
238 3784 399 3864 aperitur,
440 3784 490 3845 illa
527 3795 672 3864 exempta
704 3781 893 3844 recluditur.
958 3782 1055 3863 Quod
1082 3781 1117 3844 iu

93 3883 178 3945 altre
209 3886 429 3966 reponendum
465 3895 598 3958 curant,
632 3893 752 3946 tantum
783 3894 847 3959 est,
880 3884 914 3945 in
943 3882 1115 3963 perspicuo

90 3995 125 4046 ut
156 3982 215 4059 eit,
242 3995 275 4046 et
297 3986 425 4061 melius,
455 3984 530 4075 quia
561 3984 772 4046 emundantur
789 3983 899 4046 altrea.
938 3983 1041 4046 Color
1059 3982 1115 4044 de-
1203 3986 1206 3992 '

88 4096 182 4146 eoeto
211 4096 278 4162 est,
311 4085 366 4169 qui
398 4107 487 4169 aquae
516 4104 558 4144 ex
584 4084 657 4145 limo
689 4084 848 4146 modicum
875 4084 1015 4145 turbatae.
1062 4083 1114 4144 ln-

88 4188 218 4248 tiuetnm
247 4187 345 4248 linmn
373 4187 551 4261 viridescit,
585 4184 662 4247 mim
689 4183 806 4264 speeie.
851 4186 953 4265 Sapor
977 4185 1112 4265 primum

57 4288 288 4366 'gustantibus
322 4288 510 4363 sdbaeidus,
550 4284 696 4368 qmnlatim
723 4285 914 4347 assuescenti
942 4278 1112 4362 jueirndus.

89 4388 170 4450 Ausi
190 4402 263 4450 sunt
289 4391 386 4452 anellis
415 4390 524 4455 indere
550 4389 581 4454 in
605 4386 715 4450 librani
744 4385 853 4447 uncias
882 4384 955 4446 1111.
987 4383 1110 4444 medici.
