2632 5086
219 774 290 853 30l
507 773 568 845 De
593 767 745 870 Gaajaci
767 767 953 843 medicina

218 966 282 1031 Sed
299 963 437 1029 loturum
457 964 572 1037 credo,
592 977 626 1025 ut
643 965 703 1025 suis
719 954 836 1027 etloeta
854 961 961 1036 malis,
987 961 1149 1042 resipiscat
1162 975 1242 1045 gem

216 1078 344 1132 notua„
381 1067 474 1129 Nunc
498 1065 538 1128 ad
566 1065 733 1126 institutum
757 1062 879 1136 redeo,
921 1076 953 1125 et
976 1065 1046 1146 quia
1071 1063 1113 1125 de
1142 1067 1242 1129 victor

216 1169 366 1232 tenuitate
385 1184 489 1228 sermo
506 1178 589 1239 erat,
617 1163 715 1225 dicam
730 1184 768 1226 an
782 1165 834 1246 qui
849 1165 930 1227 eirea
945 1163 1061 1225 rictum
1075 1165 1120 1224 cic
1137 1167 1241 1242 habet,

214 1290 288 1335 eum
310 1269 360 1330 vel
381 1267 449 1329 sine
469 1262 611 1344 Guajaci,
642 1266 729 1348 quod
754 1279 862 1346 putant
887 1263 977 1349 aliqui
1001 1265 1134 1343 potione
1153 1271 1242 1329 resti·

216 1387 314 1436 tutum
335 1369 373 1432 iri
393 1381 511 1447 putem.

613 1754 726 1819 Curur
764 1753 843 1817 XX.

278 1902 334 1980 dn
370 1903 447 1978 solo
482 1905 551 1977 hac
587 1903 698 1977 diaeta
735 1899 851 1999 possit
888 1902 1030 1977 restitui
1068 1901 1179 2000 quia?

288 2072 340 2135 De
359 2070 469 2153 probis
488 2072 570 2133 nulla
589 2071 685 2133 debet
702 2092 772 2134 esse
792 2073 869 2133 mala
890 2073 1017 2151 opinio,
1037 2096 1079 2137 no
1098 2075 1238 2154 euspicio

218 2174 354 2259 quidem.
393 2172 438 2234 Hi
464 2183 551 2233 certe
574 2171 672 2252 ungo
693 2171 807 2233 medici
835 2172 1090 2255 disrumpuntur,
1119 2187 1239 2239 tantum

216 2294 311 2357 posse
328 2274 587 2335 medicamentum
600 2272 678 2345 hoe,
693 2282 725 2333 et
735 2273 837 2333 solum
853 2295 966 2353 posse,
982 2288 1140 2355 acpraeter
1151 2299 1240 2341 ruam

218 2393 347 2455 operam
364 2393 469 2454 posse.
498 2371 545 2432 lta
557 2360 712 2445 fremunt,
727 2375 840 2434 multos
853 2374 967 2453 passim
983 2386 1114 2456 repente
1126 2379 1238 2452 sanari,

217 2494 235 2537 a
248 2474 364 2558 quibus
377 2482 565 2555 perpetuum
579 2470 639 2532 sibi
652 2472 841 2550 stipendium
852 2487 1079 2554 conceperant,
1096 2477 1239 2560 jugeque

216 2576 339 2637 lucrum
349 2573 593 2636 destinaverant.
612 2573 719 2651 Quare
730 2576 820 2635 etiem
830 2575 1074 2653 pertinacissime
1086 2589 1239 2660 pugnant,

216 2695 258 2735 ne
283 2692 423 2756 unquam
443 2670 507 2733 suia
526 2670 664 2751 placitis,
700 2674 789 2755 quod
813 2673 957 2737 lutirrnm
986 2677 1111 2750 timent,
1145 2678 1239 2740 iidem

217 2772 359 2856 abroget.
394 2773 505 2853 Nuper
523 2770 651 2853 quidem
674 2774 801 2855 nugalia
822 2775 963 2857 quaedam
979 2776 1238 2856 predicaverunt,

217 2872 244 2937 ai
260 2873 435 2948 exanimo,
455 2871 558 2934 errori
582 2871 777 2951 imputanda,
794 2874 842 2937 oin
857 2895 936 2938 vero
953 2875 1087 2953 invidia,
1105 2878 1238 2957 flagitio,

216 2975 284 3039 sola
301 2975 360 3036 hae
379 2974 485 3048 dieta,
512 2983 545 3033 et
564 2994 634 3055 queo
653 2973 867 3036 incuratione
889 2997 946 3054 per
967 2975 1142 3057 Guajacun
1160 3001 1241 3059 prie-

216 3073 363 3137 scribitur
375 3073 474 3136 vietur
490 3072 631 3147 ratione,
652 3073 793 3156 quamvis
809 3094 915 3157 neque
930 3080 947 3137 ii
961 3075 1090 3157 Guajaci
1105 3079 1239 3140 decocto

214 3174 301 3237 bibat
313 3175 399 3258 quis,
412 3194 516 3257 neque
525 3174 619 3236 ullam
631 3174 760 3236 omnino
774 3173 961 3236 medicinam
971 3177 1127 3253 adsumat,
1144 3199 1240 3260 posse

215 3275 339 3347 restitui
358 3295 488 3358 ugrum.
525 3273 668 3357 Vidique
689 3274 757 3354 ipse
784 3275 840 3358 qui
858 3276 1077 3357 promitterent
1102 3277 1240 3360 juniperi

216 3376 366 3451 scobem,
385 3386 418 3437 et
436 3392 590 3460 quercus,
615 3386 669 3436 aut
688 3374 822 3452 fraxini,
843 3379 895 3438 vel
915 3377 996 3456 pini,
1026 3389 1080 3439 aut
1101 3383 1240 3442 omnium

216 3479 307 3542 simul
334 3478 526 3553 limaturam,
560 3476 751 3538 decoctores
777 3496 834 3552 se,
875 3498 981 3560 neque
1009 3477 1036 3540 ei
1065 3479 1097 3540 id
1124 3479 1241 3541 facient

217 3577 381 3655 dubitare,
415 3576 495 3662 quin
521 3576 651 3639 eosdem
676 3588 786 3639 contro
810 3577 957 3652 morbos,
989 3579 1104 3640 eodem
1123 3581 1242 3643 ellectu

216 3679 338 3743 mederi
355 3680 464 3743 velint.
504 3677 602 3757 Quod
618 3678 657 3738 ad
672 3697 753 3758 opus
769 3696 959 3761 quamquam
973 3679 1065 3742 valde
1081 3678 1238 3760 suspicor,

218 3782 369 3845 malevole
385 3778 495 3843 conari
514 3799 589 3852 eos,
609 3789 712 3840 tamen
732 3777 897 3858 optimam,
917 3791 950 3841 et
966 3784 1057 3842 eruo
1074 3790 1152 3840 voto
1171 3778 1241 3843 lor·

217 3893 323 3945 uanam
342 3899 469 3961 precor.
504 3879 590 3961 Quid
608 3887 717 3960 posset
733 3878 818 3941 enim
833 3879 956 3944 felicius
976 3881 1106 3943 evenire
1120 3879 1241 3942 nationi

216 3983 306 4058 huic,
328 4001 423 4066 quam
443 3978 476 4042 in
490 3979 606 4042 nostris
620 3980 682 4042 boc
697 3978 785 4041 silvie
799 3981 902 4054 nasci,
923 3981 1013 4062 quod
1027 3990 1090 4041 tam
1104 4000 1242 4063 peregre

215 4080 337 4165 alioqui
357 4078 496 4161 petitur,
515 4090 668 4163 tantoque
683 4078 776 4142 nobis
801 4079 942 4143 remedio
966 4078 1041 4142 est?
1070 4080 1134 4142 Sed
1149 4081 1241 4144 valde

217 4193 346 4256 metuo,
382 4192 503 4244 temere
532 4179 722 4262 promissum
747 4181 810 4242 hoc
838 4180 878 4241 ab
903 4179 999 4262 ipsis,
1039 4199 1095 4240 eos
1122 4180 1243 4243 irrutra

219 4280 345 4354 conari,
364 4299 438 4343 cum
450 4279 525 4365 quia
542 4279 721 4363 graviorem
737 4299 807 4343 esce
819 4280 965 4343 morbum
983 4282 1067 4342 hunc
1081 4279 1241 4357 existimo,

220 4400 315 4464 qum
331 4380 437 4465 ieme,
460 4380 518 4466 qui
535 4400 603 4446 non
620 4380 715 4447 etiam
734 4379 875 4444 adhibito
895 4379 1143 4455 medicamento,
1161 4400 1245 4463 prar-
