2632 5086
396 687 525 761 Febris
548 688 719 765 Secunda
746 690 936 797 Dialogut.
1096 708 1175 799 ΜΠ

586 896 749 962 Febris.

237 1010 391 1086 Possem,
416 1010 478 1075 nisi
496 1024 647 1076 amarent.
824 1013 829 1021 ’

576 1130 608 1191 Η
618 1153 638 1191 ιι
652 1141 713 1194 tte
723 1153 755 1195 n.

226 1226 377 1288 Miseram
392 1227 514 1290 illorum
528 1229 745 1294 conditionem
757 1253 880 1310 narras,
899 1259 964 1301 non
978 1262 1073 1322 posse
1085 1245 1174 1327 quod

148 1326 265 1405 prosit,
287 1348 349 1387 corr
328 1327 470 1410 iquod
490 1328 583 1391 obsit
623 1330 686 1395 Sed
707 1332 785 1416 qnid
805 1347 853 1399 est
872 1335 905 1402 in
924 1339 1054 1421 puellis,
1085 1346 1242 1429 quod

148 1426 300 1507 tantisper
320 1426 370 1489 isti
391 1430 555 1491 metuant?

581 1547 740 1611 Febris.

223 1645 273 1706 Ira
304 1656 370 1721 est,
403 1667 466 1729 qua
494 1644 681 1730 objurgant,
715 1649 939 1732 criminamur,
972 1656 1111 1741 litigant,
1140 1673 1169 1723 et

146 1768 272 1808 aversas
294 1767 329 1811 se
349 1758 457 1830 egunt.

574 1864 743 1927 llutten.

225 1985 361 2045 Tantum
381 1982 457 2043 inde
483 1980 613 2044 terroris
634 1981 709 2040 ost?

582 2097 608 2157 F
616 2094 754 2159 eltis.-

224 2201 375 2271 Tantnm,
398 2199 519 2280 quippe
540 2217 577 2256 ea
599 2200 728 2257 eoncitae
748 2221 976 2286 nonnunquam
996 2211 1113 2271 nudent
1134 2206 1169 2273 in
1194 2232 1197 2238 ’

145 2303 260 2381 vulgus
282 2302 396 2372 edere,
414 2321 484 2379 qnae
505 2297 547 2359 illi
570 2299 668 2377 palam
688 2321 758 2363 esse
778 2304 905 2377 nolunt,
936 2310 1092 2387 quosdam
1112 2310 1167 2371 im·

144 2402 331 2482 probiores,
349 2402 509 2473 lluttene,
530 2397 621 2477 jocor
634 2441 643 2471 ‚
664 2402 713 2460 vel
732 2401 886 2485 quicquid
897 2417 950 2466 aut
962 2407 1102 2469 dixerint
1114 2409 1167 2486 illi,

145 2512 197 2561 eut
219 2500 354 2562 fecerint
375 2518 408 2559 re
429 2497 569 2572 arbitris,
590 2497 682 2579 cujus
706 2503 833 2580 pudeat.

569 2615 601 2676 H
609 2637 631 2676 u
642 2628 655 2676 t
666 2630 740 2676 ten.

183 2766 201 2776 .,
220 2715 282 2778 Dic
301 2711 393 2788 mihi,
418 2731 537 2775 uxores
560 2733 627 2775 non
647 2725 790 2778 metuunt
810 2718 884 2781 item
903 2721 989 2784 viri?

571 2828 743 2892 Febris.

217 2932 287 2996 Alia
307 2931 416 2994 ost'ibi
443 2930 583 2993 conditio
609 2929 679 2992 lere
705 2930 788 2992 enim
815 2933 848 2995 in
868 2937 969 2998 vetito
990 2958 1099 3002 amore
1117 2939 1164 3002 in·

141 3048 190 3096 'ost
208 3048 309 3098 metus
332 3034 399 3106 ille,
427 3030 693 3115 quemadmodum
720 3032 875 3097 Hercules
902 3035 1076 3114 Omphalen
1096 3039 1166 3121 qui·

139 3143 212 3202 ‹lern
230 3136 360 3208 metuit,
383 3136 474 3216 elque
497 3130 607 3203 servit,
629 3129 809 3213 Dejaniram
827 3153 894 3195 non
912 3136 1038 3212 metuit,
1058 3156 1166 3222 neque

140 3242 180 3302 ad
199 3259 333 3322 pensum
352 3236 426 3300 huic
447 3244 545 3315 paret.
647 3316 650 3321 Ι
705 3222 709 3230 ’

564 3349 744 3435 Hntten.
807 3397 810 3403 ,

215 3455 291 3518 ’Ano‘
307 3455 436 3533 γυναικός
447 3450 570 3536 ἄρχεται
591 3448 671 3534 ὕβρις
688 3447 768 3534 ἆνδςῖ
783 3452 910 3525 ἐσχάτη,
930 3450 1034 3535 inquil
1048 3446 1165 3512 Demo·

141 3567 264 3630 crates,
297 3555 385 3637 quod
411 3553 436 3615 si
463 3554 496 3614 in
523 3550 676 3634 conjugio
705 3550 872 3613 videbatur
895 3551 960 3612 haee
985 3569 1105 3612 summe
1123 3548 1165 3610 illi

140 3656 322 3735 turpitudo,
355 3652 432 3734 quid
460 3653 500 3713 (le
524 3650 571 3712 his
598 3648 738 3713 dicemus
767 3646 1023 3712 scortatoribus?
1062 3644 1166 3729 Quam

140 3776 289 3818 securum
309 3764 355 3812 est
373 3752 471 3835 igitur
488 3751 521 3812 in
541 3749 695 3832 conjugio
716 3742 834 3825 amere,
857 3749 913 3811 ubi
936 3749 1059 3810 vincula
1080 3759 1164 3824 eunt,

140 3878 210 3938 qnae
231 3855 380 3937 utrinque
399 3853 632 3935 constringant,
655 3870 721 3933 quo
741 3848 845 3914 minus
870 3850 929 3912 iste
948 3848 988 3911 sit
1007 3859 1119 3910 metus.

509 4009 514 4019 ·
567 3965 739 4030 Febris.

216 4073 267 4133 'l'u
287 4092 353 4135 non
379 4071 476 4132 duces
497 4080 601 4132 tamen
627 4086 773 4129 uxorem.

566 4186 598 4246 H
607 4208 628 4247 u
640 4195 673 4247 tt
683 4204 745 4245 ent

213 4287 286 4366 Quo
309 4286 348 4347 de
371 4285 438 4365 ipse
459 4285 589 4357 videro,
612 4295 646 4379 tu
666 4304 775 4365 perge.
