2632 5086
797 552 801 563 ι

971 580 979 595 1

158 796 222 858 tto
487 790 613 863 Febris
636 789 821 887 Dialogus.

151 1000 233 1040 anno
265 984 354 1060 tpmm
381 993 413 1042 te
439 981 631 1055 studiosum,
671 1001 763 1062 quam
791 978 897 1057 pietati
921 968 1085 1056 deditum,
1126 994 1148 1044 et

151 1100 243 1161 <pram
262 1082 427 1158 patientem
444 1092 475 1140 te
494 1081 700 1155 reddiderim,
733 1090 880 1161 quartana
905 1081 1032 1162 quando
1059 1080 1148 1156 adsui,

150 1200 206 1240 sex
226 1200 291 1239 uon
311 1181 438 1261 anrplius
457 1181 602 1242 menses?

594 1281 698 1340 Hutt.

223 1380 288 1440 lmo
309 1381 397 1440 valde
418 1381 544 1462 qrraudo
564 1379 721 1441 cruciabas
742 1390 777 1441 tu
794 1401 860 1453 me,
890 1400 953 1462 ego
979 1391 1089 1443 eontra
1111 1380 1148 1443 ut

150 1479 258 1552 terlio,
295 1479 463 1557 impensius
491 1479 593 1542 studia
619 1478 737 1543 colui..
767 1481 888 1542 Verum
912 1500 1051 1560 agnosco
1079 1501 1148 1541 eon·

148 1577 258 1638 silium.
298 1580 348 1640 Ad
376 1579 459 1639 illum
483 1590 514 1637 te
541 1578 640 1640 rel'ers
666 1576 864 1640 defensorem
882 1589 991 1653 tuum,
1024 1580 1079 1661 qui
1098 1579 1148 1643 iste

148 1678 292 1738 instruxit
325 1678 483 1752 oratione,
517 1682 579 1759 qua
611 1676 724 1750 uteris,
757 1679 840 1756 apud
866 1698 922 1739 cos
952 1678 1068 1760 quibus
1098 1698 1148 1759 per

145 1776 242 1840 risum
273 1777 363 1838 ctiam
394 1776 563 1857 molestiam
597 1778 787 1849 accumulas,
820 1777 969 1856 fingendo
995 1777 1148 1840 studiosos

144 1878 249 1937 lacere
267 1889 312 1949 te,
334 1889 363 1937 et
380 1877 570 1955 ingeniosos.
606 1878 700 1954 Quod
719 1876 744 1935 si
758 1897 832 1936 vera
848 1887 935 1950 sunt,
957 1899 1025 1958 qnae
1038 1879 1078 1938 de
1091 1876 1148 1941 tuit

147 1978 195 2037 ille
214 1977 374 2036 bertelleiis
396 1986 634 2048 commemorat,
655 1996 751 2058 queue
771 1996 835 2035 non
856 1974 930 2035 item
949 1975 1148 2037 valentiorem

144 2096 193 2135 me
213 2076 373 2138 reddidisti
395 2087 481 2155 post,
510 2095 579 2136 cum
601 2074 650 2136 ille
669 2077 770 2149 (licat,
798 2095 815 2133 a
835 2085 982 2155 quartana
1002 2074 1056 2155 qui
1076 2094 1148 2135 eon·

146 2175 274 2236 valuerit
288 2177 398 2247 semel,
411 2195 482 2235 eum
496 2175 609 2235 rectius
627 2174 790 2235 valiturum
803 2185 888 2252 post,
907 2194 999 2254 quam
1013 2194 1147 2255 uuquam

144 2276 229 2355 prius
242 2276 256 2334 ἰ’
294 2277 335 2335 At
355 2295 415 2353 ego
436 2285 481 2333 tot
500 2273 568 2334 illos
587 2295 605 2334 a
624 2285 678 2335 tuo
704 2270 841 2336 discessu
867 2291 965 2333 arrnos
991 2272 1143 2352 aegrotavi,

145 2375 209 2436 aliis
234 2387 327 2457 atque
348 2374 412 2435 aliis
433 2374 583 2435 continuo
602 2371 729 2434 morbis.

574 2474 723 2535 Febris.

219 2573 299 2653 Quia
324 2572 561 2654 derelinquendi
588 2572 632 2632 tui
662 2573 825 2634 consilium
851 2573 932 2633 haud
958 2573 1034 2634 drrm
1059 2571 1141 2651 eoepi,

143 2686 174 2734 et
195 2685 270 2734 tuuc
296 2671 422 2753 quidem
443 2682 479 2733 ut
503 2692 576 2733 mox
602 2672 739 2733 reditura
771 2672 913 2733 abscessi.
952 2673 1044 2732 Nunc
1071 2690 1141 2732 vero

142 2773 200 2835 nisi
228 2773 259 2834 iu
278 2773 405 2852 aliquod
425 2792 474 2832 me
494 2770 622 2849 dignum
642 2771 753 2833 avertis
773 2770 959 2850 hospitium,
993 2772 1065 2832 dieo
1092 2766 1142 2832 tibi

141 2886 175 2935 ut
200 2871 398 2953 propositum
420 2881 467 2931 est
492 2889 609 2943 meum,
649 2892 688 2930 ne
719 2873 818 2932 adhuc
844 2869 970 2951 quidem
996 2872 1140 2941 deseram,

141 2994 175 3034 ac
202 2974 280 3034 irato
310 2971 400 3031 etiam
427 2971 539 3047 adero,
570 2984 653 3034 totos
681 2971 707 3033 si
733 2969 851 3031 videbit
876 2989 934 3031 sex
957 2981 1008 3031 aut
1029 2981 1141 3051 septem

141 3094 249 3134 armos.

585 3171 693 3231 Hutt.

215 3273 259 3333 At
278 3292 339 3347 ego
360 3271 459 3332 tribus
481 3281 517 3331 ut
540 3271 590 3330 ille
611 3269 711 3330 obulis
735 3267 880 3329 iuderdiu
905 3268 1086 3345 obsonabo,
1113 3279 1142 3329 et

141 3371 305 3435 abstemius
325 3369 438 3429 vivam.

567 3467 592 3526 F
602 3467 667 3527 ebr
676 3467 685 3526 i
696 3488 720 3526 s.

213 3573 256 3632 Ar
282 3579 312 3630 te.
337 3588 397 3649 ego
424 3566 588 3628 delicatum
612 3567 739 3628 reddam
766 3585 822 3645 per
849 3565 910 3626 mei
938 3565 1140 3641 allectionem,

140 3668 196 3730 alia
217 3690 256 3730 ex
278 3667 343 3728 aliis
365 3678 400 3746 ut
420 3666 631 3744 concupiscas.
648 3743 653 3755 ¹

582 3767 612 3825 H
620 3788 639 3826 u
651 3775 689 3824 tt.

214 3867 305 3927 Turne
332 3865 470 3926 medicos
497 3866 734 3942 superinducam
762 3861 837 3936 tibi,
869 3872 901 3923 et
928 3862 1015 3925 illum
1042 3864 1142 3927 statim

137 3987 247 4048 magna
266 3986 335 4026 cum
354 3966 468 4026 fiducia
488 3970 693 4022 Stromerum.

558 4063 584 4122 F
595 4061 714 4124 ebris.

210 4166 259 4227 Hb
285 4163 442 4227 medicos!
479 4163 518 4225 bb
542 4168 758 4231 Stromerum,
793 4159 882 4242 quasi
907 4170 980 4221 bros
1008 4179 1071 4241 ego
1097 4156 1140 4221 ibi

136 4285 239 4327 mores
263 4265 344 4325 haud
371 4263 483 4338 sciam,
516 4261 571 4343 qui
598 4272 747 4339 aegrotare
772 4259 857 4320 malis
887 4270 987 4320 totum
1010 4259 1142 4320 libenter

136 4384 265 4437 artuum,
283 4383 376 4445 quam
389 4362 463 4432 illud
477 4362 572 4424 semel
585 4372 637 4421 aut
652 4360 764 4422 iterum
780 4378 892 4424 vorare
903 4360 1140 4430 Rabarbnrm
