2632 5086
519 770 697 868 Epistola.
1055 780 1123 851 211

93 963 160 1027 tior
183 962 221 1025 in
250 963 400 1028 curandis
428 964 602 1029 amicorum
627 962 774 1048 negotiis.
822 964 910 1048 Quid
933 964 1066 1031 multis?
1096 966 1125 1033 si

94 1064 169 1148 quis
199 1063 378 1126 absolutum
411 1087 494 1129 vere
524 1065 664 1130 amicitiae
702 1065 845 1150 requiret
878 1071 1066 1151 exemplar,
1105 1088 1126 1133 ι

93 1163 222 1228 nemine
250 1165 368 1228 rectius
394 1165 540 1245 petierit,
572 1186 667 1251 quam
696 1188 715 1229 a
745 1177 857 1234 Moro.
905 1169 943 1232 ln
974 1171 1125 1236 convictu

93 1277 157 1328 tarn
181 1287 258 1329 rara.
280 1267 427 1342 comitas,
461 1287 499 1329 ac
525 1287 651 1331 morum
681 1269 838 1348 suavitas,
871 1282 908 1334 ut
937 1293 1033 1337 nemo
1061 1284 1123 1339 tam

91 1367 173 1430 tristi
201 1367 241 1430 sit
266 1366 412 1449 ingenio,
444 1389 540 1452 quern
568 1390 635 1432 non
661 1371 840 1434 exhilaret:
870 1376 955 1437 nulla
982 1395 1033 1438 res
1060 1385 1123 1440 taut

92 1479 206 1543 atrox,
236 1468 328 1549 cujus
355 1467 481 1530 taediurn
507 1490 574 1531 non
600 1468 756 1545 discutiat.
795 1472 866 1536 Jarn
886 1474 960 1545 inde
980 1497 999 1538 a
1017 1496 1120 1557 puero

91 1569 138 1630 sic
158 1567 238 1650 jocis
265 1581 312 1630 est
336 1567 527 1646 delectatus,
558 1581 595 1631 ut
624 1573 664 1634 ad
688 1554 748 1636 hos
773 1584 865 1636 uatus
885 1573 988 1637 videri
1007 1574 1119 1657 possit,

91 1670 149 1732 sed
176 1673 210 1731 in
237 1669 284 1733 liis
308 1690 369 1734 nec
394 1671 434 1733 ad
462 1670 679 1734 scurrilitatem
707 1693 811 1754 usque
839 1694 1031 1757 progressus
1060 1687 1119 1754 est,

91 1792 151 1833 nec
179 1770 416 1834 mordacitatem
442 1793 582 1856 unquam
612 1770 736 1834 amarit.
779 1773 976 1836 Adolescens
1003 1794 1119 1837 comm

90 1870 190 1934 diolas
210 1883 242 1934 et
270 1870 395 1952 scripsit
413 1884 445 1934 et
470 1872 545 1953 egit.
584 1871 618 1935 Si
645 1874 734 1955 quod
762 1871 880 1937 dictum
905 1883 989 1936 esset
1007 1874 1118 1939 salsius

90 1972 183 2035 etiarn
211 1969 245 2033 in
274 1971 379 2052 ipsum
404 1983 542 2050 tortum,
576 1984 680 2036 tamen
712 1972 859 2049 amabat,
899 1994 1003 2057 usque
1036 1974 1118 2039 adeo

87 2075 204 2158 gaudet
224 2072 339 2136 salibus
360 2073 501 2156 argutis,
526 2085 559 2135 et
577 2073 740 2158 ingenium
760 2074 997 2149 redolentibus,
1029 2074 1118 2145 unde

89 2186 120 2237 ct
139 2174 372 2257 epigrammatis
392 2174 466 2237 lusit
483 2168 610 2254 juvenis
631 2186 663 2236 et
681 2185 828 2241 Lucieno
848 2176 1049 2257 cumprimis
1069 2187 1118 2242 ert

88 2275 282 2351 delectatus,
315 2273 393 2358 quin
412 2285 445 2335 et
468 2273 561 2351 mihi,
590 2286 626 2338 ut
645 2284 780 2340 Mortes
798 2276 979 2339 encomium
997 2276 1117 2352 scribe·

87 2395 172 2451 rem,
202 2376 265 2437 hoc
288 2386 353 2449 cst,
380 2385 416 2437 ut
441 2376 576 2437 camelus
603 2377 760 2451 salterern,
788 2374 852 2439 fuit
870 2389 992 2439 auctor.
1030 2374 1116 2439 Nihil

89 2487 188 2538 autem
215 2474 250 2537 in
280 2476 376 2539 rebus
403 2477 545 2539 humanis
570 2476 702 2539 obvium
732 2489 797 2554 cst,
828 2476 914 2541 unde
943 2478 1013 2553 illc,
1046 2480 1116 2540 nou

89 2587 223 2638 senetur
248 2576 465 2657 voluptatem,
493 2577 587 2639 etiam
612 2576 646 2639 in
664 2577 762 2641 rebus
784 2577 921 2642 maxime
939 2576 1041 2642 seriis.
1079 2572 1115 2640 Si

87 2697 157 2739 cum
177 2675 311 2739 eruditis
331 2687 364 2737 et
382 2677 519 2740 cordatis
538 2699 589 2740 res
614 2689 684 2752 est,
712 2680 886 2743 delectatur
905 2678 1054 2762 ingenio:
1084 2682 1115 2750 si

86 2799 158 2841 cum
185 2775 321 2838 indoctis
351 2798 388 2839 ac
412 2778 529 2855 stultis,
563 2777 681 2841 lruitur
711 2778 836 2843 illorum
861 2779 999 2843 stultitia.
1044 2779 1115 2841 Nee

88 2880 258 2945 offenditur
297 2879 516 2954 morionibus,
565 2878 643 2942 mira
672 2878 860 2943 dexteritate
900 2881 941 2942 ed
970 2876 1114 2944 omnium

88 2984 216 3065 allectus
235 3003 306 3047 sese
324 2968 576 3051 accommodans.
616 2978 700 3044 Cum
719 2978 904 3043 mulieribus
923 2979 994 3041 fere
1015 2988 1113 3060 atquo

86 3085 205 3161 etiam,
242 3104 315 3146 cum
353 3100 457 3145 uxore
488 3101 555 3143 non
585 3079 646 3142 nisi
677 3081 764 3143 lusus
797 3077 954 3161 jocosque
990 3084 1112 3139 tractu.

83 3184 232 3262 nicetes,
251 3186 383 3247 alterum
404 3182 562 3266 quendam
582 3200 652 3244 esse
670 3186 908 3255 Democritum,
930 3186 985 3239 ant
1002 3172 1110 3259 potius
1154 3246 1157 3251 Δ

83 3294 338 3369 Pythaqorioum
367 3284 453 3345 illurn
486 3288 735 3362 Philosophum,
771 3279 827 3363 qui
854 3298 973 3342 vacuus
1002 3274 1109 3340 animo

84 3408 140 3467 per
164 3398 336 3449 mercatum
361 3382 579 3459 abambulans,
611 3381 840 3460 contemplatur
860 3382 1011 3443 tumultus
1030 3396 1110 3438 ven·

83 3487 224 3549 dentium
251 3496 347 3571 atque
373 3482 555 3554 ementium.
605 3482 707 3546 Nemo
734 3480 837 3544 minus
863 3480 991 3566 ducitur
1012 3472 1109 3559 'vulgi

85 3586 222 3667 judicio,
241 3587 299 3653 sed
316 3608 426 3650 rursus
448 3605 541 3647 nemo
555 3583 658 3646 minus
678 3581 765 3645 abest
781 3600 799 3642 a
818 3599 915 3644 sensu
934 3579 1106 3658 communi,

85 3685 249 3769 Praecipua
273 3685 317 3749 illi
341 3689 486 3769 voluptas
512 3697 560 3747 est
587 3694 729 3766 spectare
754 3679 893 3765 lennes,
924 3678 1054 3764 ingenia
1072 3690 1106 3742 et

84 3787 216 3849 affectus
246 3783 442 3850 diversorum
468 3785 679 3848 animantium.
723 3780 865 3845 Proinde
890 3781 1010 3844 nullum
1032 3779 1105 3845 fere

83 3907 188 3971 genus
207 3896 256 3948 est
277 3884 396 3962 arium,
428 3887 517 3969 quod
542 3884 628 3948 domi
654 3904 720 3947 non
745 3884 839 3959 alau-
855 3880 883 3946 si
903 3882 991 3968 quod
1016 3880 1104 3947 aliud

82 3986 197 4049 animal
226 3986 324 4068 vulgo
357 4006 464 4052 rarum
496 3985 593 4049 veluti
628 3983 744 4059 simia,
785 3985 922 4067 vulpes,
963 3982 1101 4062 viverra,

80 4087 234 4162 mustela,
265 4084 364 4150 ethis
383 4084 571 4161 consimilia,
600 4087 640 4148 ad
659 4086 723 4149 lucc
741 4083 848 4169 siquid
867 4082 1029 4148 exoticum
1046 4093 1102 4149 aut

80 4186 198 4272 alioqui
222 4186 427 4269 spectandum
457 4196 617 4263 occurrat,
649 4185 826 4251 aridissime
852 4183 984 4249 mercari
1008 4188 1101 4263 solet,

83 4299 174 4372 atque
202 4287 250 4351 liis
277 4287 374 4351 rebus
400 4286 544 4371 undique
569 4287 698 4351 domum
716 4287 809 4351 habet
829 4286 1029 4365 instructam,
1063 4294 1100 4349 ut

81 4408 232 4472 niuqrum
256 4407 326 4452 nou
351 4384 390 4451 sit
417 4387 561 4463 obvium,
602 4386 693 4473 quod
715 4389 830 4459 oculos
852 4385 1100 4471 ingredientium
