2632 5086
358 714 538 821 Apologia
562 718 607 792 ad
634 720 734 795 Petr.
761 721 807 793 de
831 719 972 797 russas.
1108 726 1174 802 17⁷

143 936 297 992 unuses,
320 913 466 998 quinon
490 911 590 975 morlo
615 911 675 974 snb
698 914 765 977 lrtrc
787 912 880 999 signs
909 935 976 977 non
1003 914 1171 991 concedas,

141 1020 195 1080 secl
224 1015 392 1080 hostilibus
423 1015 516 1078 etiam
545 1012 647 1094 copiis
676 1013 762 1077 omni
797 1024 829 1077 te
873 1028 988 1078 conatu
1024 1015 1171 1079 inseras?

143 1122 211 1182 non
228 1118 334 1181 dicam
353 1119 413 1179 hoe
427 1116 528 1190 enim,
550 1116 638 1198 quorl
655 1115 783 1197 gravius
798 1127 862 1192 est,
883 1138 1073 1200 quamquam
1092 1117 1171 1200 quid

142 1221 239 1283 refert
261 1220 342 1294 dici,
363 1239 436 1279 curn
451 1229 484 1278 tu
503 1218 588 1279 illum
610 1216 728 1278 veteris
748 1216 888 1279 amicitie
909 1218 1019 1280 funem
1036 1218 1080 1279 sic
1099 1218 1169 1280 vio-

143 1325 239 1382 lenter
279 1318 453 1394 incideris,
487 1317 576 1396 prius
609 1326 788 1378 nostrarum
818 1330 849 1379 tc
881 1319 982 1383 luisse
1017 1321 1169 1400 partium,

145 1421 258 1485 deinde
286 1419 395 1481 nescio
419 1439 486 1500 quo
511 1429 599 1480 motu
623 1419 662 1479 acl
681 1417 806 1482 hostilia
829 1420 1036 1503 transfugisse
1060 1432 1170 1483 castra.

144 1529 248 1606 Atque
275 1521 326 1582 hic
351 1514 535 1598 jamdudum
556 1517 613 1603 qui
635 1519 714 1580 hanc
736 1518 885 1602 injuriam
904 1545 1005 1585 meam
1028 1520 1169 1605 iniquius

146 1639 234 1709 atcpre
252 1624 321 1702 ipse
342 1642 420 1703 ego,
446 1620 570 1695 terunt,
597 1629 635 1682 nt
648 1630 679 1682 te
697 1622 802 1703 aliqua
820 1622 1001 1707 ignominie
1018 1625 1170 1686 thrten·
1270 1678 1285 1709 r
1304 1646 1311 1659 ¹

146 1722 308 1805 bergensis
330 1726 418 1802 gutta
440 1740 621 1805 aspergam,
651 1733 828 1801 expectant.
867 1726 981 1808 Neque
997 1727 1028 1799 ‘)
1053 1746 1115 1805 ego
1138 1737 1170 1786 tc
1273 1708 1286 1727 ”

146 1827 172 1888 il
196 1823 355 1888 meruisse
389 1821 514 1883 nescius
546 1842 636 1898 sum,
671 1822 729 1883 sed
761 1844 831 1905 quse
861 1843 931 1885 mea
965 1837 1013 1888 est
1041 1838 1169 1902 natura,

147 1927 248 1989 mitius
271 1945 362 2005 agam
385 1934 505 1996 tecum,
530 1921 706 1995 lacessitus,
737 1943 833 2005 quam
849 1945 970 1988 mecum
995 1938 1028 1989 tu
1043 1924 1076 1989 in
1094 1926 1170 1990 ami·

145 2027 219 2089 citire
264 2025 368 2086 adhuc
411 2021 562 2103 opinione
592 2021 792 2085 constitutus.
849 2025 916 2086 Etsi
948 2027 1063 2090 crebro
1095 2028 1171 2091 mihi

145 2128 302 2190 inculcant
316 2121 378 2195 illi,
406 2142 568 2204 nunquam
593 2132 623 2181 te
649 2122 710 2184 nisi
738 2122 909 2205 majorem,
929 2130 1039 2192 nescio
1065 2129 1170 2206 eujus,

143 2226 309 2310 pecuniam
328 2226 481 2286 odoratus
494 2243 593 2292 esses,
616 2224 856 2287 commissurum
876 2228 992 2304 luisse,
1012 2241 1171 2293 utcontra

144 2341 233 2390 tuum
243 2326 408 2400 ordinem,
420 2334 529 2386 contra
544 2323 688 2404 pristinas
703 2325 866 2403 amicitias,
887 2340 996 2389 contra
1011 2330 1172 2409 publicum

149 2426 325 2490 Germanire
349 2446 384 2487 ac
403 2424 525 2505 imperii
549 2422 646 2487 totius
662 2427 801 2502 bonum,
823 2430 957 2492 hominis
973 2430 1048 2492 roedi
1062 2452 1099 2492 ac
1114 2432 1171 2494 de·

151 2527 318 2603 testabilis,
347 2539 379 2587 et
403 2526 531 2608 publico
558 2524 650 2589 etiam
673 2526 794 2605 jndicio
824 2530 1022 2592 condemnati
1045 2552 1171 2595 causant

147 2629 290 2693 tuereris.
333 2629 430 2707 Quod
455 2638 489 2688 ut
511 2646 623 2689 verum
650 2648 715 2687 non
746 2628 802 2703 sit,
834 2649 939 2713 neque
962 2631 1036 2695 item
1060 2633 1109 2696 illa
1137 2633 1171 2696 in

144 2744 174 2794 te
202 2730 288 2795 fama
319 2738 498 2811 congruat,
532 2747 595 2810 que
624 2725 745 2802 fertur,
773 2750 844 2792 cum
862 2731 1019 2813 principio
1049 2732 1172 2816 negotii

143 2831 240 2913 hujus
252 2851 365 2893 omnes
380 2848 451 2891 suas
464 2848 572 2901 curas,
592 2848 716 2888 omnem
733 2829 991 2906 sollicitudinem,
1011 2834 1115 2894 abdita
1125 2834 1172 2910 ”)

146 2945 177 2996 et
207 2952 339 3004 arcana,
371 2931 458 2991 velut
481 2928 615 2990 hominis
636 2928 685 2989 sui
712 2920 929 3007 amantissimi,
961 2932 1086 3015 sibique
1114 2954 1172 3014 per

146 3034 252 3096 omnia
275 3032 349 3107 lidi,
376 3030 416 3092 ita
440 3029 473 3091 in
502 3029 605 3091 sinum
635 3029 830 3108 profudisset
859 3043 947 3092 tuum
972 3032 1172 3110 Ludovicus,

146 3133 273 3217 tibique
302 3131 342 3193 ad
371 3128 526 3191 Caesarem
552 3126 614 3209 jam
643 3141 708 3192 tum
737 3130 951 3211 proficiscenti
982 3155 1046 3196 rem
1074 3144 1173 3197 totam

148 3230 378 3305 commisisset,
409 3251 515 3312 neque
535 3242 568 3292 tu
594 3252 659 3291 non
679 3242 826 3315 prompte
851 3234 1065 3317 peragendam
1085 3254 1174 3299 acce·

149 3335 274 3417 pisses,
310 3350 519 3413 magnamque
547 3331 614 3393 seni
639 3330 797 3397 industrie
826 3342 887 3397 tuae
915 3357 1003 3416 spem
1030 3336 1172 3415 fecisses,

150 3445 338 3515 corruptum
360 3444 390 3493 te
411 3435 504 3513 paulo
530 3444 602 3512 post
626 3432 765 3512 'l'yranni
787 3435 972 3497 muneribus
997 3437 1103 3501 omnia
1127 3438 1175 3501 in·

103 3605 109 3617 ¹
148 3534 306 3610 vertisse,
331 3555 368 3596 ac
386 3545 524 3598 nostram
541 3534 624 3614 apud
644 3534 799 3598 Caesarem
821 3537 1042 3599 contumeliam
1067 3540 1175 3605 verbis

150 3638 295 3700 elevasse
313 3635 396 3698 illius
415 3646 525 3697 contra
541 3637 643 3697 scelus
659 3656 812 3698 excusare
830 3648 995 3714 conatum,
1016 3650 1174 3724 utreque

149 3738 214 3814 ills,
240 3737 389 3821 inquam,
412 3738 444 3800 in
462 3748 492 3798 tc
511 3737 594 3799 fama
614 3748 788 3818 congruat,
820 3758 1009 3822 quamquam
1029 3738 1176 3802 Ludovi·

152 3862 208 3905 cus
231 3840 303 3921 ipse
319 3836 478 3912 monitus,
504 3859 545 3899 ne
571 3837 627 3899 tibi
652 3838 780 3914 rideret,
811 3859 972 3922 nunquam
998 3851 1070 3920 post
1101 3860 1176 3904 enm

152 3939 238 4004 diem
259 3940 346 4005 risus
361 3950 409 4002 est
428 3938 620 4002 familiariter
641 3937 806 4014 conferre,
832 3940 949 4004 nedum
968 3941 1086 4024 aliquid
1100 3960 1176 4005 suo-

149 4060 226 4106 rum
246 4053 279 4105 ot
293 4042 384 4125 prius
399 4040 643 4106 sollicitudinum
662 4040 894 4104 communicare
913 4053 1017 4105 tamen
1033 4054 1069 4105 ut
1086 4063 1175 4107 meu·

150 4144 268 4209 tiantur
293 4146 328 4208 in
352 4155 384 4207 te
410 4143 573 4218 homines,
605 4152 637 4202 et
662 4138 714 4203 ille
741 4139 838 4205 falsus
861 4141 958 4207 luerit
984 4143 1025 4207 ‹le
1054 4156 1105 4220 te,
1139 4155 1177 4209 ut

187 4353 217 4423 ¹)
233 4363 277 4408 N:
297 4375 320 4408 ιι.
357 4349 403 4419 ”)
422 4358 520 4407 nterea:
541 4356 613 4407 tdlts.

152 4480 221 4545 nat,
245 4488 290 4544 ο».
311 4487 340 4531 τ,
359 4485 401 4535 ru
