2632 5086
323 731 373 806 ad
395 727 586 805 Albertum
610 732 770 831 Princip.
794 732 856 807 lib.
1034 740 1105 819 257

80 912 186 1004 mori,
214 925 246 989 in
268 924 375 987 medio
394 923 534 1007 relictam
552 944 665 1008 aquam
681 925 925 1008 limpidissimam
940 923 1052 991 deludi
1073 938 1107 992 et

79 1032 118 1092 ad
138 1051 231 1090 usum
251 1026 392 1107 reposui.
431 1023 515 1089 Cum
535 1024 581 1087 uti
606 1027 718 1089 vellem
739 1028 874 1112 spongia
897 1039 951 1091 ant
975 1027 1106 1092 linteolo

77 1130 212 1191 intincto
235 1149 461 1210 nonnunquam
483 1140 518 1190 nt
540 1127 649 1209 potui,
678 1138 711 1187 et
728 1129 915 1211 plerumque
936 1129 1034 1190 calida
1057 1129 1107 1192 lo·

80 1231 191 1291 rebam
211 1230 331 1302 ubera,
354 1228 512 1302 elrrendO,
542 1250 577 1290 ac
598 1227 718 1291 sarriens
734 1229 943 1312 detergendo·
982 1229 1108 1293 Deinde

79 1330 200 1391 linteoli
227 1340 348 1408 partem
377 1328 421 1387 sie
446 1330 722 1390 eurnmadelaetam
750 1329 900 1409 apposui,
942 1351 978 1390 uc
1003 1333 1107 1393 ulcera

81 1428 254 1503 rolligeri,
295 1427 328 1488 vi
353 1426 447 1507 hujus
473 1450 560 1511 aqum
584 1429 748 1491 cessabant
780 1430 907 1491 dolores
936 1443 968 1491 ot
1004 1442 1117 1513 tuma*

82 1530 256 1603 residebat,
277 1530 409 1591 mdnera
426 1529 676 1591 emundabantur
698 1541 728 1591 et
746 1532 865 1593 calores
885 1551 921 1591 ae
942 1530 1108 1593 inflamma·

81 1632 184 1691 tiones
204 1629 409 1703 arcebantur,
432 1630 571 1712 quodam
589 1650 661 1691 eram
678 1629 848 1705 miraculo,
868 1651 939 1692 curu
963 1631 1106 1694 incendat

82 1732 202 1811 alioqui
223 1729 336 1791 caloris
364 1729 412 1791 sui
442 1729 640 1792 vehementia
659 1732 728 1791 calx
750 1729 833 1796 vira.
877 1729 974 1810 Quod
991 1731 1109 1812 apponi

84 1833 129 1893 bis
156 1831 188 1892 in
220 1830 344 1892 casibus
373 1840 481 1911 posset
514 1829 669 1894 efficaciam
698 1829 863 1892 inventum
889 1830 967 1893 nihil
1003 1830 1109 1894 habui.

84 1931 264 2012 Visumqne
290 1942 337 1991 est
361 1952 427 1993 anm
452 1931 513 1992 lmc
535 1928 679 2015 praesidio
700 1930 814 1992 fultum
839 1951 910 2007 me,
941 1929 1109 1995 sevissime

86 2029 246 2113 grassante
265 2029 327 2109 jam
349 2041 414 2091 tum
435 2029 565 2103 morbo,
595 2029 808 2093 imminentem
824 2029 996 2110 perniciem
1015 2028 1109 2094 deeli-

86 2153 188 2194 nasse.
226 2131 344 2211 Utelsar
368 2142 400 2192 et
417 2131 515 2193 cassia
533 2133 636 2192 alvum
657 2130 835 2203 subducere
857 2129 1014 2214 siquando
1033 2130 1107 2194 libe-

86 2244 156 2307 ret,
188 2243 218 2292 et
249 2230 400 2306 sudabant
427 2252 494 2293 non
521 2252 610 2306 raro,
646 2251 682 2293 ae
715 2216 902 2312 sanguinem
931 2230 1109 2309 mittebam,

86 2335 226 2395 detracto
254 2354 294 2394 eo
324 2354 381 2413 per
404 2330 615 2395 cucurbitulas
642 2351 735 2412 saepe.
788 2328 933 2391 Monitns
961 2330 1053 2393 etiarn
1076 2330 1110 2397 iu

85 2434 172 2497 Italia
189 2432 274 2495 mirae
295 2433 356 2493 hoc
373 2453 442 2493 esse
459 2429 616 2503 edicula,
641 2430 752 2493 solitus
765 2429 989 2497 sumresinam
1008 2426 1112 2505 thero,-

85 2534 258 2596 binthinam
296 2532 391 2596 edere
431 2552 521 2594 mane
559 2530 649 2593 aneis
687 2529 845 2611 juglandis
883 2529 1111 2612 magnitudine.

87 2636 160 2697 Hoc
189 2629 352 2695 emendari
376 2629 537 2715 sanguinis
561 2631 637 2692 vitia
660 2629 849 2706 clamabant,
886 2629 976 2714 quod
1002 2630 1111 2695 neseio

89 2737 184 2816 qirale
212 2731 276 2806 sit,
313 2741 345 2791 et
369 2743 512 2793 ventrem
542 2730 674 2793 emolliri
705 2752 741 2793 ae
771 2734 967 2796 stomachum
996 2729 1111 2813 juvari,

92 2832 181 2915 qnod
204 2841 375 2912 utrumqne
400 2831 598 2911 experiebar.
641 2830 779 2907 Ajebant
807 2843 838 2893 et
864 2833 971 2896 nervis
991 2830 1113 2897 mederi

92 2953 159 2999 eam
182 2952 248 2991 non
269 2928 395 2993 modico
414 2928 555 3009 eliceto,
592 2943 622 2993 et
648 2943 734 2994 artus
756 2935 955 2996 confirmare.
1004 2935 1113 3017 Atque

90 3033 136 3095 bis
164 3032 291 3105 modis,
334 3031 421 3095 simul
457 3033 519 3096 eibi
553 3044 585 3094 et
609 3045 703 3113 potus
734 3031 943 3107 abstinentia,
981 3043 1014 3094 et
1041 3031 1113 3119 vitm

88 3135 296 3215 parsimonia,
328 3134 423 3195 multa
449 3134 548 3213 ellugi
575 3155 644 3216 quaa
670 3156 720 3197 me
741 3145 828 3201 tanto
852 3140 1015 3211 tempore,
1050 3144 1113 3215 tum¹

87 3236 200 3321 iniquo
224 3231 502 3317 pemeriuantem,
528 3236 766 3314 utplurimum,
794 3244 825 3297 et
850 3254 958 3297 rernm
981 3232 1114 3313 penuria

90 3336 221 3397 adversa
251 3337 370 3409 multa,
411 3333 498 3396 adire
536 3348 680 3399 coactum
693 3381 702 3413 ,
740 3357 903 3419 nunquam
930 3334 1006 3411 milri
1037 3355 1113 3398 oon·

92 3445 241 3508 stantem,
282 3433 462 3517 inquietum
492 3455 634 3518 semper,
673 3458 708 3499 aa
737 3436 913 3512 turbatum,
954 3436 1112 3499 conficere

94 3545 246 3612 poterant.
299 3534 402 3620 ldqne
428 3536 539 3613 elleci,
581 3539 719 3622 nequis
751 3536 827 3601 mibi
854 3536 955 3621 atllrua
981 3558 1112 3615 nervus,

94 3654 165 3694 eum
195 3643 243 3695 tot
270 3635 437 3716 probandis
465 3658 502 3699 ae
530 3638 673 3720 malignis
708 3635 868 3702 ulceribus
900 3636 1112 3701 adederentur

95 3735 195 3810 tibiae,
222 3737 309 3799 laesus
331 3738 385 3813 sit,
413 3760 454 3799 ne
472 3740 599 3823 quados
621 3739 778 3813 liliatum,
804 3738 977 3821 nequando
1000 3737 1114 3799 faeiem

95 3836 286 3917 corripuerit
309 3838 456 3916 morbus,
489 3839 580 3901 inore
605 3850 636 3900 et
665 3839 771 3917 lingua
797 3836 917 3920 nequid
942 3835 1010 3897 vitii
1036 3855 1114 3898 con·

94 3935 220 4020 tigerit,
249 3935 409 4001 baterauea
431 3950 554 4003 servata
580 3950 614 4001 ut
640 3936 711 4000 sint.
757 3939 837 4001 Nam
859 3947 928 4001 eta
952 3936 1114 4015 stomacho

92 4037 224 4119 iujurias
253 4038 399 4121 propoli,
442 4050 474 4102 et
503 4038 593 4117 jecur
623 4037 664 4100 lia
695 4036 854 4102 rarissime
881 4058 944 4119 ope
973 4035 1115 4102 delendi.

92 4138 157 4203 Sed
187 4138 235 4201 his
263 4138 389 4202 auxiliis
420 4137 577 4202 sustinere
608 4137 753 4202 morbum
785 4137 894 4229 potui,
924 4138 1115 4223 extinguere

94 4262 160 4302 non
196 4237 298 4321 potni.
351 4241 391 4300 Et
424 4238 523 4301 lenire
557 4239 706 4314 dolores,
743 4259 810 4301 non
841 4230 1115 4329 cansamddoloait

96 4340 267 4403 excindere
286 4341 349 4401 lmc
370 4352 463 4427 erat,
506 4339 635 4401 dillerre
660 4338 852 4421 perniciem,
884 4360 951 4401 non
977 4339 1116 4403 auferre.
1167 4371 1170 4376 ·

130 4476 193 4521 rura.
209 4473 254 4530 op.
272 4473 292 4517 r
312 4474 351 4521 ru.
669 4441 670 4444 ¹
735 4452 776 4520 17
