2632 5086
478 756 698 859 Responsio.
1026 766 1092 839 ott

83 955 246 1019 nunonem
266 952 458 1019 auctoritatis
477 963 588 1015 sancte
617 952 701 1016 sedis
720 952 870 1015 Romane
886 953 1002 1033 scripte
1021 972 1098 1015 ven·

83 1054 185 1130 aleret,
216 1069 269 1116 aut
285 1064 431 1129 ⁸emeret,
462 1053 523 1115 sub
542 1052 619 1115 meis
647 1052 844 1116 dioecesibus.
891 1056 965 1133 Quo
993 1053 1098 1117 edicto

84 1154 178 1215 simul
204 1155 390 1233 complexus
408 1173 477 1215 sum
496 1153 696 1229 Lutberana,
727 1154 847 1218 tametsi
872 1175 909 1217 ea
933 1155 1098 1236 superiore

82 1273 165 1313 austro
182 1252 409 1316 studiosissime
425 1251 649 1332 prohibuerim.
678 1254 852 1331 Gruterum,
873 1254 951 1338 quid
964 1255 1098 1319 subinde

84 1364 215 1415 conatus
236 1352 292 1414 sim
313 1355 397 1433 apaul
415 1352 557 1435 reliquos
575 1353 732 1433 principes
756 1358 942 1436 perlongum
963 1368 1009 1419 est
1028 1376 1099 1418 nar·

81 1473 169 1526 rme,
199 1465 318 1514 tarnum
337 1452 428 1526 dico,
465 1451 545 1512 sicut
574 1472 624 1515 res
651 1466 715 1527 est,
746 1466 777 1517 et
796 1450 918 1519 Vesus
938 1454 1099 1519 Sanctitati
1162 1469 1166 1476 '

80 1573 264 1630 persuasum
292 1570 485 1635 magnopere
511 1551 623 1628 velim,
651 1556 768 1617 nullum
797 1576 847 1618 me
872 1555 1006 1632 lapidem
1032 1575 1097 1617 uon

78 1654 236 1727 movisse,
256 1650 397 1733 nihilque
417 1652 581 1733 reliquisse
601 1653 801 1728 intentatum,
821 1665 857 1714 ut
875 1652 1097 1719 incuulcscens

78 1755 192 1813 molum
206 1764 376 1816 arceretur.
414 1754 489 1830 Quo
503 1753 632 1834 quidem
651 1755 778 1815 nomine
797 1755 911 1816 multos
931 1774 1032 1835 cogor
1051 1753 1098 1825 ni-

78 1851 135 1912 ruis
156 1852 331 1932 iniquiores
351 1850 455 1926 ferre,
490 1852 546 1933 qui
566 1854 698 1915 diversor
717 1851 849 1917 lectioni
866 1851 1014 1917 videntur
1032 1860 1097 1917 stu'·

79 1951 167 2021 dere,
188 1971 326 2032 quorum
340 1971 404 2011 non
419 1952 497 2013 nulli
508 1952 705 2015 blandissime
721 1964 932 2028 commonent,
953 1955 993 2016 (le
1005 1954 1097 2033 lapsis

78 2051 238 2125 moribus,
266 2051 374 2113 nescio
395 2051 528 2134 mribus,
551 2052 764 2136 corrigendis,
785 2064 817 2113 et
835 2075 898 2132 pree
917 2074 952 2114 se
971 2053 1096 2129 lerunt,

77 2150 194 2211 utinam
213 2172 279 2212 tion
298 2151 378 2214 lalso
397 2151 529 2235 aliquale
551 2153 636 2235 pacis
662 2153 810 2215 studium.
847 2155 973 2217 Horum
992 2164 1098 2217 tamen

76 2251 149 2311 odia
167 2263 296 2316 strenue
324 2263 510 2329 contemno,
541 2249 733 2335 cogitatione
752 2252 998 2327 beneficiorum,
1027 2275 1097 2336 quse

78 2353 110 2414 iu
131 2374 181 2415 me
196 2354 289 2434 plena
308 2354 397 2435 quod
416 2352 519 2435 ajunt,
540 2375 635 2423 mortu
654 2352 764 2416 elludit
782 2352 949 2417 Beatitudo
971 2355 1101 2431 Vestra,

73 2454 172 2516 multo
191 2451 334 2533 plurima,
356 2473 494 2536 qnorum
506 2453 658 2515 memoria
672 2472 796 2533 semper
811 2453 930 2513 extabit
949 2453 1033 2535 opud
1045 2473 1097 2516 me

76 2573 205 2626 recens,
225 2548 487 2627 eonsummabis,
506 2551 533 2613 si
554 2551 672 2635 alioqui
691 2552 797 2635 segnis
818 2573 936 2626 essem,
957 2554 996 2616 od
1009 2553 1096 2617 satis-

74 2650 252 2712 faciendum
272 2648 306 2711 iu
327 2650 472 2712 omnibus
484 2652 636 2716 voluntati
648 2650 823 2716 sanctitatis
834 2654 966 2717 vesuae.
994 2656 1097 2736 Quam
1176 2730 1179 2735 Δ

76 2751 119 2813 ob
139 2771 222 2825 rem,
252 2749 443 2811 satietissime
463 2750 573 2813 Pater!
611 2751 642 2812 in
662 2752 866 2831 presentibus
885 2755 1036 2817 mendatis
1055 2754 1096 2816 de

76 2849 222 2911 Lutherii
242 2850 324 2912 bulla
352 2851 554 2931 publicanda,
585 2850 617 2911 iu
637 2850 824 2915 dioecesibus
845 2854 1036 2937 Mogaintina
1064 2864 1097 2918 et

77 2949 352 3033 Magtlcburgcusi
385 2961 416 3012 et
446 2951 716 3036 suffraganeorum
741 2972 884 3014 meorum
901 2955 1097 3015 reverendo·

75 3072 162 3125 rum,
191 3072 257 3113 uon
286 3061 347 3112 tam
372 3052 469 3113 verba
491 3072 584 3135 quam
610 3062 748 3114 mentem
772 3052 987 3133 perpendens,
1011 3072 1097 3117 com·

73 3151 231 3214 municato
259 3171 331 3214 cum
359 3151 493 3213 dominis
521 3150 643 3214 nunciis
673 3150 808 3212 concilio
836 3159 920 3213 totus
947 3149 1096 3213 incumbo

73 3251 114 3312 ad
133 3250 307 3331 parandum
325 3252 419 3316 uobis
437 3252 584 3314 favorum
603 3249 789 3325 secularium
809 3248 1005 3332 principum,
1025 3251 1095 3313 siue

74 3348 192 3432 quibus
219 3350 338 3415 frustra
366 3351 556 3426 niteremur,
586 3362 617 3412 ct
639 3349 740 3415 omnis
772 3363 882 3413 noster
909 3363 1041 3415 cortulus
1061 3351 1095 3414 iu

73 3467 210 3510 nervrrm
224 3451 336 3516 exiret.
376 3451 464 3533 Quid
481 3462 584 3514 autem
600 3472 780 3534 speremus,
801 3463 854 3513 arrt
867 3473 933 3535 quo
946 3471 1094 3514 successu

72 3546 219 3612 videatur
239 3551 403 3633 negotium
428 3571 668 3632 processurum,
699 3572 896 3633 praenoscere
919 3554 1008 3614 cerlo
1029 3573 1092 3614 nou

72 3667 223 3729 possum,
251 3648 312 3712 uisi
332 3651 420 3734 quod
443 3652 475 3713 iu
495 3672 583 3732 spem
601 3653 674 3715 veui
696 3674 762 3715 nou
780 3652 987 3729 mediocrem,
1012 3652 1095 3733 opti·
1168 3660 1172 3667 '

73 3766 161 3813 mum
184 3768 343 3832 quemque
361 3750 465 3813 vinam
483 3751 624 3815 deditum
636 3774 705 3814 esse
728 3753 814 3832 paci,
832 3765 863 3814 et
882 3753 986 3815 multis
1006 3752 1094 3817 arinis
1191 3794 1200 3811 .

72 3851 199 3919 firmetis
211 3849 379 3933 religioni,
401 3851 528 3933 quando
543 3853 616 3915 tales
632 3852 784 3939 tumultus
802 3852 1015 3915 incommune
1030 3853 1094 3916 dis·

73 3947 354 4034 erluimarripiaut
375 3953 674 4035 omues'nequidem
686 3953 757 4032 ejus
776 3954 909 4033 patroni.
925 3954 1095 4032 -tnpous

71 4050 157 4118 enim
177 4049 315 4115 leuestra
336 4048 579 4129 inobedientiae,
605 4064 636 4115 et
656 4054 780 4121 sublato
796 4075 815 4117 e
833 4052 939 4116 medio
954 4053 1096 4135 impieta·

72 4150 235 4228 risorem,
261 4173 331 4235 quse
352 4173 460 4217 rerum
473 4153 675 4229 deformitas,
695 4154 900 4241 qaaeliceutia
918 4153 1095 4219 maiouim?

72 4251 180 4330 Quare
196 4252 348 4327 Sanctitas
362 4253 498 4329 Vnus,
529 4253 714 4338 Beatissimo
734 4257 847 4323 Pnert
865 4255 900 4319 id
917 4254 1020 4318 ‹lemo
1038 4277 1094 4320 exa
