2632 5086
148 798 195 870 at
460 789 634 863 Misaulus
658 787 845 885 Dialogus.

148 987 347 1059 sustinuerit,
368 981 459 1064 cujus
474 991 586 1064 praeter
603 978 660 1042 alia
678 991 738 1040 tarn
758 997 872 1060 spurca
891 985 958 1049 est,
977 984 1040 1036 tam
1056 972 1160 1048 foeda,

148 1106 184 1149 ac
203 1096 280 1148 tetra
299 1083 444 1146 sentina?

573 1183 728 1252 Castus.

223 1285 324 1348 Etiam
341 1285 460 1346 sentina
474 1283 518 1346 ibi
535 1284 663 1344 molesta
682 1280 755 1347 est?

546 1382 759 1443 Misaulus.

221 1484 339 1559 Etiam,
361 1505 401 1545 ne
418 1481 495 1565 quid
512 1481 565 1543 ulli
579 1492 678 1542 nanta
695 1481 867 1562 patiantur,
889 1481 976 1562 quod
989 1499 1056 1540 non
1072 1496 1160 1540 com·

146 1607 240 1652 mune
261 1585 318 1647 illis
342 1584 380 1644 sit
405 1605 475 1645 cum
495 1582 593 1642 aulica
618 1581 742 1643 familia.
789 1581 889 1661 Igitur
906 1578 1160 1641 inrnnndissinnr

147 1696 218 1745 sunt
241 1684 273 1744 in
291 1686 358 1745 aulrl
376 1685 503 1757 sordes,
530 1681 606 1742 mira
628 1679 820 1743 obscoenitas.
859 1680 999 1757 Primum
1018 1679 1110 1741 cibus
1124 1689 1160 1739 ut

145 1784 263 1857 multis,
296 1783 337 1843 ita
358 1782 555 1864 negligenter
581 1792 762 1859 apparatus,
793 1779 1053 1864 marcescentibus
1075 1796 1159 1859 saepe

59 1916 62 1921 ·
146 1902 181 1943 ac
194 1883 328 1944 rancidis
342 1883 503 1955 carnibus,
524 1882 556 1941 in
572 1901 625 1941 vas
636 1880 709 1941 nihil
726 1880 834 1957 purius
850 1877 1018 1956 conjectis,
1041 1877 1157 1960 quibus

146 2002 217 2043 oum
234 1981 324 2062 grylli
342 2001 392 2053 se,
423 2001 553 2054 muscae,
584 1999 619 2039 ac
637 1979 757 2052 aranei,
788 1989 818 2040 et
836 1979 868 2038 id
893 1999 993 2058 genus
1016 1976 1158 2039 animalia

145 2081 353 2153 miscuerunt,
390 2091 442 2141 aut
468 2079 523 2162 qui
546 2099 669 2141 vermes
691 2076 753 2158 jam
778 2089 938 2159 peperant.
984 2080 1092 2160 Atque
1110 2080 1160 2141 ba

147 2182 254 2262 quales
283 2181 389 2262 quales
417 2190 504 2252 sunt,
547 2178 717 2241 semicoctae
740 2177 796 2238 tibi
822 2199 888 2239 non
918 2198 1079 2260 nunquam
1102 2198 1158 2260 ap-

144 2291 323 2358 ponrmtur‚
353 2278 442 2355 juxta
468 2278 636 2358 insipidum
662 2281 749 2352 olus,
783 2289 836 2340 aut
861 2280 1018 2358 legumina
1044 2288 1158 2340 utcun-

146 2399 209 2460 que
236 2378 424 2453 commixta,
463 2389 516 2438 aut
544 2378 644 2458 pisces
671 2376 734 2455 jam
759 2377 813 2440 diu
840 2388 910 2439 ante
938 2377 1071 2450 mortui,
1105 2388 1160 2440 eut

146 2477 264 2561 aliquid
289 2478 335 2539 his
360 2479 458 2538 multo
477 2498 626 2559 spurcum
649 2476 757 2558 magis.
804 2478 922 2538 Vinum
943 2488 996 2538 aut
1017 2477 1157 2553 acidum,

145 2589 197 2637 aut
225 2579 312 2658 quod
342 2577 381 2636 ab
406 2577 463 2638 alia
489 2589 645 2656 sumptum
670 2598 777 2638 mensa
804 2586 867 2653 est,
902 2577 943 2638 de
970 2597 1036 2658 quo
1067 2576 1158 2640 bibe-

144 2686 191 2737 rat
231 2676 313 2737 sorte
353 2675 497 2737 barbatus
535 2674 662 2755 aliquis,
712 2676 840 2739 barbam
881 2675 1013 2757 profuso
1052 2696 1158 2756 nuper

145 2772 215 2853 jure
232 2787 470 2855 conspurcatum
483 2777 515 2849 ⁴⁹⁸)
540 2776 665 2839 liabens.
712 2776 774 2854 Qui
795 2775 951 2848 adsident,
978 2776 1157 2842 hesternam

144 2877 299 2953 crapulam
314 2876 417 2949 olent,
437 2887 468 2936 et
483 2874 629 2957 quiddam
645 2887 800 2951 eructant,
819 2875 930 2938 odiose
941 2875 1086 2937 foetidum
1095 2876 1157 2950 ⁰⁴).

144 2974 287 3053 Quorum
306 2975 416 3054 aliquis
433 2977 599 3056 pcrcacatis
613 2978 700 3039 sedet
713 2973 931 3049 femoralibus,
952 2975 1017 3035 vini
1033 2974 1155 3054 impetu

144 3073 277 3136 emollita
296 3076 386 3148 alvo,
412 3086 466 3136 aut
481 3077 562 3154 apud
579 3076 674 3155 ipsam
691 3074 872 3149 magmas)
889 3095 1025 3137 mensam
1042 3074 1156 3138 vomit.

142 3171 220 3233 Nam
246 3172 289 3234 ita
314 3174 499 3255 frequenter
526 3177 590 3237 lraec
615 3178 694 3236 liunt
719 3175 750 3237 in
778 3177 864 3249 aula,
899 3186 934 3237 ut
958 3195 1156 3259 quocunque

140 3280 283 3349 tempore
300 3275 398 3335 abste
417 3273 526 3354 aliquis
544 3286 764 3354 percontetur,
786 3275 862 3356 quid
876 3290 985 3357 agatur
999 3275 1042 3336 ibi
1055 3275 1156 3352 ****),

140 3382 225 3433 reete
242 3371 285 3431 illi
301 3373 508 3452 respondeas,
529 3374 661 3450 bibitur,
682 3375 835 3448 vomitur,
861 3375 1041 3438 effunditur.
1081 3376 1157 3438 Hue

140 3470 241 3545 adde,
263 3473 351 3554 quod
375 3492 440 3534 non
463 3473 623 3537 hominum
643 3487 779 3550 tantum,
805 3479 861 3539 sed
879 3477 1047 3539 bestiarum
1061 3475 1158 3540 ettam

137 3569 289 3633 ferendus
317 3580 365 3634 est
395 3571 504 3645 foetor,
548 3594 660 3643 canum
691 3576 897 3640 excrementis
934 3587 999 3638 tots
1036 3576 1156 3638 referta

138 3672 225 3744 aula,
262 3670 413 3733 adversus
447 3693 515 3753 quse
546 3675 730 3737 obthuresse
758 3697 849 3739 nares
881 3677 962 3738 adeo
991 3686 1039 3738 est
1057 3676 1157 3738 inur-

135 3768 250 3832 banum
268 3780 300 3833 et
316 3769 491 3851 inelegans,
527 3784 561 3833 ut
584 3772 616 3834 in
633 3773 768 3837 fabulam
785 3796 915 3858 quoque
930 3775 1039 3837 venire
1053 3778 1157 3841 soleat

137 3869 192 3950 qui
212 3870 287 3932 facit
303 3868 354 3944 †).
403 3870 508 3949 Quare
521 3872 582 3944 ††)
609 3884 644 3935 ut
670 3874 751 3936 feras
775 3875 933 3936 assuefieri
954 3887 986 3937 te
1006 3887 1157 3956 oportet,

135 3977 201 4028 tum
228 3967 319 4044 alibi,
352 3981 419 4039 turn
442 3991 521 4035 vero
546 3971 579 4033 in
607 3971 677 4054 ipso
707 3972 799 4037 etiam
815 3973 951 4037 triclinio
978 3985 1155 4037 sumentem

169 4148 197 4210 t)
216 4163 426 4216 conspurcatum:
446 4158 568 4206 intectam.
602 4151 648 4221 ⁶⁶)
666 4169 692 4208 er
709 4164 823 4220 qutddam
841 4170 956 4209 eructant
974 4165 1057 4208 odiose
1071 4164 1155 4215 saetlt·

167 4245 218 4282 tum
229 4249 240 4289 ,¹
259 4240 386 4297 eructant,
405 4253 447 4297 per
460 4241 538 4288 onnia
552 4236 633 4291 fetidi.
670 4235 732 4301 ⁴⁸⁸)
752 4249 840 4292 stattm
853 4247 982 4302 terrestri.
1017 4236 1092 4306 ⁸⁸²⁸)
1105 4247 1156 4292 tet:

166 4312 268 4366 laerta.
310 4313 345 4381 †)
363 4326 487 4381 pulsasse
505 4326 635 4384 belrefort.
677 4320 736 4390 ††)
752 4332 858 4391 Quare:
883 4332 960 4388 Atque
976 4330 1014 4377 his
1033 4332 1065 4378 te.
1100 4331 1156 4376 vor

167 4405 264 4458 eportet
282 4402 357 4454 lette
376 4407 466 4455 todaou
484 4409 665 4468 eingescboben.
