2632 5086
117 696 122 723 ⁴
213 736 287 813 lit
477 729 582 808 Triss
606 731 776 805 Romana
797 722 985 829 Dialogus.

644 925 813 988 Hutten.

291 1027 376 1091 Nihil
408 1029 613 1112 proicietur,
648 1035 742 1087 erunt
770 1024 855 1087 enim
883 1043 924 1085 ex
945 1022 1158 1104 principibus,
1193 1019 1267 1104 φεῖ

219 1139 326 1208 etnpto
357 1131 450 1209 pallio
482 1125 731 1205 designabuntur
761 1125 820 1205 ipsi
855 1146 873 1185 a
909 1122 1060 1202 pontifice
1088 1121 1251 1204 episcopi,

217 1239 313 1311 etque
332 1229 365 1290 hi
385 1239 536 1309 praetento
557 1226 629 1307 jure
653 1227 715 1288 hoe
733 1225 767 1287 vi
787 1233 905 1304 cogent
925 1232 956 1284 et
975 1223 1129 1306 populum
1152 1224 1251 1298 hunc,

217 1339 251 1388 et
270 1328 410 1410 equites,
444 1328 686 1409 regnabuntque
713 1323 820 1387 invitis
847 1322 1004 1384 omnibus.
1051 1322 1152 1403 Quale
1172 1323 1253 1388 illud

212 1425 278 1490 tuit
306 1438 430 1507 patrum
458 1429 559 1489 adhuc
585 1437 768 1489 nostrorum
793 1423 944 1486 memoria
970 1423 1087 1484 bellum
1106 1425 1254 1507 Mogon-

217 1528 336 1604 tiuum,
370 1549 435 1611 quo
466 1525 689 1589 dissidentibus
720 1522 894 1606 episcopis,
927 1525 1025 1584 altero
1053 1526 1255 1589 acanonicis

219 1631 341 1702 electo,
368 1630 501 1689 aterum
528 1626 683 1708 probante
710 1626 856 1687 Romano
883 1623 1032 1698 antistite,
1065 1635 1154 1704 capta
1176 1627 1254 1690 urbs

217 1720 287 1806 est,
308 1741 340 1791 et
361 1728 394 1789 in
414 1726 625 1811 direptionem
640 1724 787 1788 militibus
807 1743 975 1799 concessa,
997 1723 1178 1809 misereque
1199 1728 1255 1790 ad·

217 1831 302 1896 flicta
322 1827 463 1892 ecclesia.

622 1927 677 1987 Er
691 1945 711 1986 n
725 1926 745 1987 h
759 1946 779 1985 o
790 1926 801 1986 l
813 1925 845 1986 d.

296 2030 405 2092 Sentio
433 2049 496 2108 qua
526 2026 577 2088 via
598 2024 742 2087 facillime
764 2024 926 2087 obtineant
946 2026 1133 2101 pontifices,
1167 2038 1258 2091 utet

221 2150 302 2213 quos
323 2129 383 2208 ipsi
405 2127 503 2189 velint
533 2125 565 2186 in
587 2125 753 2188 Germania
773 2126 914 2207 episcopi
935 2130 1010 2202 sint,
1036 2147 1095 2187 nec
1115 2129 1197 2191 lucri
1217 2131 1257 2192 ad

221 2248 278 2294 eos
297 2228 416 2303 minus,
439 2247 533 2311 quam
553 2246 615 2286 suae
636 2224 772 2287 avaritie
793 2226 866 2288 satis
888 2228 1030 2305 videtur,
1051 2231 1172 2292 redeat.

651 2327 715 2388 Hu
728 2336 837 2388 tten.

296 2433 342 2495 At
371 2428 444 2493 satis
477 2427 595 2488 nullum
631 2436 702 2500 est,
740 2426 782 2490 ita
814 2449 907 2491 omne
940 2428 1097 2508 posterius
1130 2429 1260 2511 pallium

222 2532 325 2615 priori
345 2531 450 2593 carius
471 2539 538 2603 est,
574 2538 794 2611 augenturque
813 2530 911 2612 magis
940 2549 975 2591 ac
994 2531 1092 2612 magis
1112 2551 1258 2611 semper,

223 2652 294 2715 quae
315 2639 508 2713 extorquent
528 2627 579 2690 hie
601 2627 749 2690 Romani.

631 2729 844 2791 Ernhold.

297 2830 404 2909 Quare
426 2849 526 2891 unum
557 2829 692 2892 arbitror
710 2827 852 2892 lutumm
872 2832 952 2892 malo
981 2831 1054 2894 huie
1072 2833 1259 2908 remedium,

220 2929 331 3013 populi
360 2929 510 2991 Germani
539 2949 746 3002 consensum,
775 2932 903 3011 quando
930 2953 996 2994 uno
1019 2934 1159 3016 quodam
1179 2947 1262 2999 stre«

219 3051 310 3104 uuo,
331 3050 366 3091 ac
386 3050 420 3091 se
441 3030 539 3112 digno
561 3030 727 3112 proposito
748 3030 853 3093 edicto
882 3033 1021 3094 excutiet
1048 3035 1159 3115 jugum
1178 3014 1260 3110 boc,

221 3143 255 3195 et
284 3152 366 3195 onus
391 3152 457 3194 non
483 3153 580 3210 grave
605 3142 725 3193 tantum
756 3143 791 3193 ut
811 3153 894 3215 segre
914 3133 1052 3208 feratur,
1086 3136 1143 3197 sed
1164 3147 1260 3215 turpe

221 3232 331 3307 etiam,
356 3248 392 3295 ut
411 3233 488 3295 eitra
506 3232 655 3296 infamiam
676 3232 756 3295 ferri
774 3253 840 3294 non
860 3233 959 3314 possit
981 3234 1124 3314 abjiciet,
1158 3258 1261 3320 seque

222 3331 257 3394 in
276 3332 453 3397 libertatem
473 3335 608 3396 adseret.
659 3333 724 3395 Sed
749 3333 811 3393 hoe
837 3355 954 3397 vereor
972 3345 1007 3395 ut
1027 3336 1187 3414 permittat
1205 3360 1261 3403 su·

221 3432 385 3515 perstitio,
408 3455 478 3516 quae
499 3432 642 3498 altissime
656 3432 688 3496 in
711 3445 893 3497 nostrorum
914 3434 1022 3498 animis
1042 3434 1164 3498 radices
1178 3438 1259 3501 lixit·

661 3535 833 3597 Hutten.
1027 3544 1029 3549 ·
1193 3542 1199 3550 ·

301 3630 477 3695 Permittet.
504 3634 603 3696 Immo
625 3654 687 3697 una
708 3654 778 3697 curn
801 3633 880 3717 jugo
901 3636 962 3696 hoc
977 3635 1143 3716 abjicietur
1164 3640 1260 3703 etiam

224 3732 425 3814 superstitio,
464 3733 700 3817 intelligentque
739 3736 887 3799 Germani
922 3737 1103 3816 longissime
1134 3738 1261 3802 diversa

223 3834 305 3898 inter
336 3856 370 3898 se
397 3854 468 3896 esse
494 3835 563 3899 veri
591 3836 653 3899 Dei
672 3839 807 3913 cultum,
841 3850 872 3902 et
891 3840 1057 3919 pontiliciae
1086 3840 1261 3919 tyrannidis

223 3933 449 4006 idololatriam,
471 3934 633 4013 videntes,
655 3959 724 4021 quae
737 3938 771 4000 in
788 3941 950 4004 Romanos
965 3940 1042 4024 istos
1057 3941 1261 4022 profundun-

222 4049 305 4111 tur,
345 4057 409 4100 non
439 4037 647 4119 religionibus
675 4041 922 4116 accommodari,
953 4041 1010 4103 sed
1044 4041 1263 4104 detestabilem

224 4139 436 4219 pessimorum
465 4139 627 4203 hominum
655 4142 765 4203 luxum
797 4142 898 4217 alere,
930 4153 1050 4205 tantum
1075 4143 1190 4218 aberit,
1222 4154 1261 4205 ut

224 4240 308 4305 bene
338 4241 470 4303 locatam
499 4242 580 4304 hanc
612 4260 700 4304 suant
726 4241 939 4305 liberalitatem
966 4245 1083 4306 (liutius
1114 4243 1260 4306 homines

227 4340 414 4404 existiment.
463 4329 610 4404 Seutiunt
630 4341 714 4407 enim
733 4362 775 4405 ex
795 4344 851 4408 hac
870 4345 1038 4427 largitione
1057 4345 1133 4408 nihil
1152 4346 1194 4407 ad
1213 4345 1263 4408 di·
