2632 5086
327 777 374 849 ad
400 778 587 849 Albertum
610 775 770 874 Princip.
795 776 856 850 lib.
1037 786 1105 857 291

84 973 149 1035 liae
169 969 294 1052 longius
314 970 398 1031 sorte
411 990 504 1052 spiam
523 968 713 1049 oportebat.'
737 969 839 1051 Igitur
858 968 900 1031 ad
912 968 985 1044 alia,
1007 972 1033 1030 si
1046 971 1109 1031 hoc

85 1073 263 1135 claudendo
284 1072 372 1152 prius
386 1071 499 1132 (lisere
517 1070 776 1131 medicamentum
797 1067 944 1151 Guajaci,
966 1081 1109 1132 uentrem

85 1173 269 1253 rerprirere,
299 1171 332 1231 in
353 1192 419 1255 qun
440 1174 521 1232 nulla
541 1171 686 1233 cibonim
712 1169 866 1244 varietas,
895 1170 1040 1232 intestina
1061 1180 1110 1231 tu·

85 1275 183 1334 multu
204 1274 353 1345 fluctuet,
375 1291 440 1332 non
459 1271 621 1351 impletum
638 1283 774 1346 temere,
796 1269 836 1334 ab
852 1271 938 1332 omni
955 1291 1110 1353 vaporum

86 1372 240 1435 cruditate
255 1372 416 1434 mundum.

466 1773 577 1837 Cares
608 1773 733 1836 xvm.

150 1926 377 2020 Famesque
405 1922 514 1995 etiam
539 1934 649 2018 pacto
677 1921 768 1996 serri
790 1920 895 1997 sacile
922 1923 1047 2022 possit.

167 2096 273 2177 Atque
290 2095 353 2155 brec
366 2092 511 2154 ciborum
523 2090 674 2172 parcitas,
694 2111 759 2153 non
773 2091 851 2154 ferri
867 2102 986 2154 tantum
998 2101 1114 2173 potest,

92 2194 148 2254 sed
164 2192 254 2255 facilc
271 2193 365 2254 etiam
381 2203 501 2273 potest,
523 2190 565 2251 ob
585 2189 648 2251 vim
668 2213 738 2274 quae
757 2192 845 2254 adest
860 2190 1019 2273 Guajaco,
1039 2202 1116 2255 atte-

90 2305 187 2355 nuato
214 2294 358 2374 corporis
379 2290 515 2367 robore,
543 2289 638 2351 vitam
666 2290 876 2354 conservandi
899 2303 930 2353 et
949 2290 1115 2367 efficiendi,

90 2412 131 2453 ue
151 2393 280 2455 om'riino
299 2392 476 2455 commedat
499 2412 592 2473 aeger.
629 2392 729 2453 Recte
749 2390 847 2474 igitur
865 2393 995 2467 monui,
1017 2396 1117 2477 quan·

91 2506 156 2555 tum
184 2493 253 2556 lieri
274 2493 389 2573 possit,
419 2491 636 2553 abstinendum
665 2491 774 2552 acibo
804 2514 942 2573 aegrum,
968 2491 1064 2575 eique
1089 2489 1117 2552 si

91 2594 231 2667 defluat,
260 2612 327 2653 non
345 2591 417 2654 cibo
439 2591 584 2674 quidem,
615 2590 671 2653 sed
690 2588 748 2653 illis
767 2592 1016 2654 succurrendum
1034 2610 1115 2666 esse,

93 2714 164 2772 quae
183 2691 268 2765 dixi,
300 2703 448 2773 quantum
470 2691 569 2772 possit
591 2692 803 2755 odoramentis
827 2693 876 2755 ori
897 2690 1051 2768 admotis,
1087 2701 1118 2754 et

95 2789 148 2851 illo
177 2789 317 2871 inprimis
342 2794 451 2854 calenti
478 2815 569 2872 pane.
607 2794 705 2872 Quod
729 2793 754 2853 si
783 2793 924 2855 defluere
950 2804 982 2856 et
1007 2788 1119 2855 collabi

96 2891 208 2952 sentiat
228 2891 339 2974 aliquis
365 2913 399 2955 se
425 2894 574 2967 omuino,
612 2894 701 2974 quod
726 2895 839 2979 nescio,
865 2895 1029 2977 quomodo
1049 2889 1121 2955 fieri

95 2992 195 3071 possit
217 2992 249 3052 in
271 2991 434 3074 quopiam,
462 2986 533 3055 eum
553 2993 626 3056 mihi
644 2994 677 3054 in
702 3004 819 3055 tantum
845 2992 920 3055 nibil
939 2995 1000 3053 tale
1019 2991 1122 3055 conti·

93 3091 196 3169 gerit,
222 3091 411 3154 subventum
433 3106 468 3154 ut
488 3105 646 3174 oporteat,
668 3104 743 3152 tunc
764 3094 803 3153 ad
823 3093 873 3154 ille
892 3094 1120 3154 recurrendum

93 3193 259 3266 suaserim,
280 3215 350 3276 quae
370 3194 490 3255 Plinius
511 3204 613 3274 putat,
634 3194 753 3274 exiguo
774 3192 866 3254 etiam
890 3204 984 3275 gustu
1006 3191 1122 3254 famem

94 3296 219 3369 sedare,
248 3313 284 3355 ac
311 3292 392 3355 sitim
419 3294 637 3375 restinguere,
665 3294 813 3374 butyrum
832 3305 865 3355 et
881 3294 1121 3377 glycyrrhizam,

96 3405 148 3453 aut
167 3394 362 3476 sequendum
383 3392 426 3453 ibi
450 3391 595 3468 Celsum,
626 3394 681 3476 qui
701 3394 746 3456 sic
766 3394 824 3468 sit,
849 3414 948 3457 imum
968 3394 1044 3456 illud
1064 3405 1122 3471 est,

97 3512 219 3570 semper
238 3493 325 3574 quod
347 3491 466 3574 ubique
493 3496 702 3570 serrandum,
728 3495 857 3577 ntegri
879 3496 963 3557 vires
987 3492 1123 3557 subimIe

98 3593 235 3653 assidens
254 3591 395 3653 medicus
415 3591 577 3673 inspiciat,
603 3607 634 3656 et
654 3595 803 3677 quamdiu
820 3595 903 3657 vires
922 3605 1124 3675 supererunt,

99 3691 281 3753 abstinentia
293 3703 424 3773 pugnet.
463 3694 495 3754 Si
511 3693 750 3757 imbecillitatem
766 3695 868 3757 vereri
886 3695 1033 3777 coeperit,
1050 3694 1123 3757 cibo

98 3791 273 3854 subveniat.
318 3792 386 3855 nisi
413 3795 475 3854 hoc
500 3795 591 3877 sequi
621 3795 732 3878 aliquis
761 3795 862 3872 malit,
891 3796 980 3879 quod
1004 3793 1124 3858 Gellius

101 3892 210 3969 tradit,
236 3893 397 3974 scripsisse
426 3893 662 3971 Erasistratum,
690 3895 837 3974 Scythas,
861 3897 917 3957 ubi
943 3916 984 3958 ex
1012 3892 1124 3978 quavis

97 4014 193 4055 caiisa
210 3993 248 4056 sit
273 4016 349 4055 usus
373 3994 488 4055 lamcm
511 3993 628 4057 diutius
648 3997 783 4058 tolerare
791 4042 800 4072 ,
828 3995 989 4058 latioribus
1019 3994 1124 4061 lascib

96 4105 241 4156 ventrem
256 4095 459 4157 strictissime
476 4095 643 4173 cohibere,
664 4107 696 4157 et
715 4095 941 4179 circumligare.
980 4096 1028 4158 Ea
1048 4116 1126 4159 ven·

96 4196 153 4255 tiis
174 4195 429 4275 compressione,
455 4195 592 4258 esuriem
612 4216 706 4279 posse
726 4195 861 4279 depelli,
884 4207 937 4259 aut
955 4196 1125 4279 patientius

97 4295 175 4359 Ierri
188 4296 372 4368 credentes,
392 4318 462 4360 nam
478 4318 568 4373 cum,
584 4308 619 4359 ut
633 4296 717 4359 idem
729 4296 839 4373 tradit,
858 4318 900 4359 ex
916 4296 1067 4362 inanitate
1085 4296 1127 4361 sit

99 4395 214 4468 fames,
239 4417 374 4481 eamque
393 4408 536 4478 patentes¹
554 4397 775 4462 intestinorum
794 4398 899 4472 llbrre,
928 4410 960 4459 et
981 4418 1059 4460 cava
1078 4398 1126 4463 in·
