2632 5086
497 491 503 501 κ

452 710 626 789 Miaeulus
655 717 837 817 Dialogus.
1024 776 1033 793 .
1104 728 1150 801 35

136 910 251 984 ntur,
270 905 385 970 adsint
399 906 544 970 omnibus
555 906 766 993 incomptam
780 931 846 973 non
864 910 969 975 sinunt
983 913 1149 995 genuinam

141 1002 314 1069 tanatem.
368 1006 475 1089 Atque
494 1006 534 1067 ita
550 1009 602 1085 lit,
633 1020 670 1071 ut
692 1014 789 1074 multa
810 1010 937 1094 indigne
957 1012 1149 1095 contingant.

145 1104 213 1167 ltm
229 1116 262 1168 et
295 1106 459 1186 eliguntur
486 1106 592 1169 frivoli
624 1109 726 1185 multi,
768 1131 802 1171 ac
827 1113 1036 1174 exeluduntur
1063 1112 1172 1195 lrugi·

149 1204 295 1282 humes,
328 1216 361 1265 ct
380 1203 495 1284 injuria
518 1208 553 1269 fit
575 1208 666 1272 bonis
686 1209 838 1273 moribus.
880 1214 949 1275 Jarn
969 1213 1009 1274 de
1029 1212 1147 1292 cupidi-

146 1310 202 1367 tue
217 1326 285 1367 aon
307 1304 447 1382 dubitas,
475 1300 613 1389 inques
637 1330 761 1373 errores
788 1313 974 1393 praecipitet,
1004 1322 1103 1394 utque
1118 1312 1148 1387 ⁸)

152 1403 213 1465 ubil
236 1426 320 1486 sepe
348 1404 472 1481 lacere,
504 1406 577 1469 nihil
601 1407 706 1471 dicere
736 1411 846 1494 aliquis
873 1423 1034 1489 vereatur,
1074 1413 1148 1473 ‹lum

158 1503 229 1584 qnod
257 1504 344 1583 cupit
356 1549 366 1580 ,
406 1515 503 1584 paret.
556 1506 640 1569 Hinc
671 1507 721 1569 illa
741 1522 812 1572 sunt
834 1511 867 1573 in
894 1510 972 1573 aulis
997 1508 1147 1590 perjuria,

160 1598 203 1662 dt
220 1603 380 1685 'pn-fidiae,
425 1603 473 1697 illa
505 1604 580 1667 falsa
613 1607 810 1684 testimonia,
853 1622 938 1672 tanto
976 1610 1147 1685 crebriora,

161 1712 257 1783 quanto
282 1704 351 1786 quis
378 1714 451 1783 aget
475 1705 582 1786 magis.
634 1708 686 1768 An
708 1729 775 1769 non
800 1708 952 1788 cupiditas
978 1720 1042 1782 est,
1079 1731 1147 1790 quae

163 1799 239 1878 tacit,
263 1814 297 1865 ut
312 1808 442 1865 munera
467 1804 616 1884 accipiant
638 1806 751 1889 aliqui,
779 1818 814 1868 ut
831 1808 974 1869 savorem
989 1806 1148 1885 principis,

168 1901 368 1975 et⁸⁸llumunt
390 1900 553 1964 vendant?
579 1916 613 1965 ιιι
636 1906 819 1984 compilent,
852 1917 889 1968 ut
912 1907 1149 1985 dcpeeulentur,

171 2008 202 2061 ut
218 2002 329 2081 rapient,
369 2012 405 2063 ut
428 2001 596 2065 iurentur?
625 2038 661 2050 -
692 2005 796 2068 Porro
825 2004 952 2067 ambitio
980 2004 1056 2086 quid
1083 2025 1148 2066 non

171 2098 287 2181 perferre
296 2099 405 2182 cogit?
424 2101 528 2161 omnia
543 2102 638 2184 digna
654 2106 690 2164 ac
700 2105 826 2187 indigua
837 2105 927 2166 obire
941 2104 1059 2167 lactens
1072 2104 1149 2180 m),

168 2197 411 2263 'etdissensionem
432 2201 571 2265 excitans
587 2203 667 2277 aare)
696 2203 777 2265 inter
801 2225 857 2266 eos
884 2224 986 2281 sepe,
1014 2203 1070 2284 qsri
1090 2201 1149 2264 sibi

168 2296 233 2361 elmi
251 2299 376 2364 invicem
399 2302 540 2378 fuerant,
570 2314 602 2364 et
622 2302 830 2367 adulationem
850 2322 885 2362 ac
907 2302 1147 2364 assentationem

166 2393 273 2478 gignens
286 2401 335 2475 †),
356 2401 451 2476 duas,
472 2411 507 2463 ιιι
526 2402 654 2478 audisti,
674 2403 822 2466 maximas
841 2402 916 2464 aulae
933 2410 1046 2481 pestes.

564 2499 719 2565 Castus.

186 2612 190 2617 '
225 2599 288 2664 lion
303 2600 469 2665 ferendum
488 2601 598 2664 vitium
617 2623 733 2664 rtarras.

302 2678 320 2719 ⁰
536 2703 748 2764 Illisaulus.

230 2799 261 2861 At
273 2801 468 2886 frequentius
492 2799 535 2863 ibi
561 2803 680 2862 nullum
699 2812 763 2876 est,
795 2802 940 2883 adeoque
958 2803 1018 2864 late
1037 2810 1147 2884 regnat

172 2890 269 2962 intulis
284 2901 460 2981 principum
480 2900 622 2976 ambitio,
642 2913 677 2963 ut
695 2901 768 2963 huic
787 2901 843 2963 uni
862 2911 987 2982 accepta
1006 2898 1148 2962 referen-

171 3001 213 3053 tur
234 3003 329 3063 omnia.
383 2988 493 3062 N'ullus
526 3000 694 3063 violentior
721 3002 839 3062 Boreas
868 2999 972 3059 navim
1002 2996 1146 3078 impellit,

173 3110 242 3173 quam
255 3096 299 3163 illa
315 3100 450 3164 bominis
466 3114 601 3164 mentem
619 3101 758 3162 concutit
778 3099 833 3161 ibi.
850 3099 910 3173 ††)
950 3099 1020 3177 Qua
1036 3093 1148 3159 imbuti

171 3192 215 3272 (1⁰1⁰
226 3211 282 3260 tunt
299 3205 420 3278 (omnes
441 3213 543 3261 autem
562 3191 633 3263 sinit
642 3199 744 3282 ,·quia
762 3200 827 3260 haec
846 3197 885 3260 ab
904 3198 972 3259 aula
986 3216 1147 3279 nunquam

172 3288 240 3369 absit)
250 3301 458 3362 nontlubitant
476 3301 560 3362 adirc
576 3303 729 3380 pericula,
741 3301 825 3374 †††)
836 3296 1065 3360 discriminibus
1076 3316 1145 3358 sese

171 3389 295 3474 objicere,
327 3421 385 3479 per
411 3401 488 3473 tela,
520 3420 577 3480 per
603 3402 708 3460 hostes
732 3398 823 3472 ferri,
854 3397 985 3459 amicum
1014 3395 1144 3470 laedere,

169 3496 332 3561 remissus
351 3485 576 3578 perrumpere,
596 3499 691 3560 fidem
709 3498 870 3572 fraudare,
892 3497 924 3558 in
943 3497 1030 3557 Deos
1050 3505 1145 3575 atque

165 3584 278 3659 bonnas
291 3598 492 3680 delinquere,
519 3600 593 3660 alum
613 3597 684 3661 huic
704 3595 819 3657 civitati
838 3593 1061 3677 preficiantur,
1082 3595 1145 3654 hoc

168 3688 287 3773 ⁰fitt'um,
316 3700 399 3759 bunc
418 3698 630 3779 magistratum
649 3707 812 3774 occupent.
850 3678 1030 3776 Aliquando
1051 3691 1144 3753 etiam

167 3792 258 3856 utre
279 3795 385 3858 imactu
411 3795 535 3859 inanem
560 3794 682 3856 titulum
707 3790 819 3856 serant.
862 3794 909 3854 Ita
935 3792 1017 3853 falsa
1036 3789 1143 3871 glorie

159 3890 272 3958 ardun
306 3896 480 3958 aulicorum
517 3894 655 3957 omnium
689 3892 796 3954 animis
826 3891 983 3955 tenaciter¹
1004 3890 1141 3952 inheret.

160 4028 302 4048 *—

183 4116 206 4185 ⁴)
222 4136 308 4186 etque:
327 4132 361 4173 ut.
399 4118 444 4185 **)
459 4134 500 4172 et:
519 4129 552 4171 ιιι.
588 4117 944 4184 ⁴⁴⁴)sactens3w1tttar.
980 4109 1056 4179 W)
1072 4121 1141 4166 secta

176 4217 242 4257 tens:
260 4212 355 4258 excitat.
382 4202 420 4269 †)
432 4213 555 4267 planans:
576 4210 658 4266 rlrru‘t.
692 4184 749 4266 ἢ)
762 4205 796 4253 ttt
810 4205 950 4263 belsetstst
979 4197 1059 4264 †††)
1072 4205 1142 4249 ostro

170 4307 295 4360 munla:
311 4301 417 4363 pericula
432 4301 504 4348 obire.
