2632 5086
397 39 1314 364 -

207 834 278 911 466
460 831 567 910 Trias
589 831 758 915 Romana
778 825 968 934 Dialogus.

619 1027 800 1091 Hutten.

286 1132 387 1211 Quale
414 1150 482 1193 non
500 1128 643 1194 tulissent
666 1127 833 1205 Germani,
861 1129 922 1192 nisi
939 1129 1089 1191 miserum
1109 1128 1142 1192 in
1166 1151 1240 1191 mo-

210 1231 286 1295 dum
306 1242 494 1294 excaecasset
518 1252 574 1295 eos
597 1229 799 1312 superstitio,
829 1226 898 1310 ejus
925 1229 1009 1292 enirn
1034 1230 1166 1292 obtentu
1188 1229 1239 1291 in-

209 1331 392 1415 dignitatem
405 1332 485 1395 trare
502 1352 569 1396 non
588 1332 734 1394 viderunt
757 1330 927 1406 hactenus,
956 1341 987 1393 et
1006 1330 1040 1391 in
1058 1351 1098 1393 eo
1117 1332 1239 1393 versati

209 1443 284 1493 sunt
317 1452 447 1507 errore,
477 1442 516 1494 ut
548 1433 653 1495 omnia
683 1431 779 1493 licere
811 1430 952 1512 pontifici
989 1431 1236 1509 arbitrarentur,

209 1531 302 1595 etiam
329 1531 526 1616 iniquissime
551 1531 672 1615 aliquid
695 1531 722 1593 si
746 1542 875 1606 statuat,
904 1533 1072 1613 scelusque
1095 1552 1165 1613 esse
1187 1534 1238 1594 in·

209 1631 367 1714 expiabile
380 1643 492 1697 contra
508 1630 577 1713 ejus
594 1630 790 1717 tyrannidem
802 1633 971 1693 reclamare
989 1632 1088 1694 serbo
1102 1643 1237 1709 tantum,

210 1733 348 1797 dedecus
380 1745 485 1800 autem
505 1748 572 1799 nort
594 1732 679 1816 fugit
702 1734 819 1806 Roma,
848 1735 969 1795 lucrum
993 1753 1072 1794 vero
1098 1755 1157 1814 per
1179 1736 1237 1795 de·
1273 1730 1276 1734 “

208 1832 307 1897 decus
328 1833 420 1898 etiam
449 1846 605 1909 sectatur,
636 1831 742 1916 siquid
768 1831 902 1913 pessime
935 1855 971 1893 ac
997 1833 1241 1923 sceleratissime·

209 1933 281 2010 flat,
301 1952 343 1997 ne
361 1934 401 1996 sit
420 1935 482 1996 boc
500 1933 631 2010 vitium,
652 1943 783 1994 cavente
801 1932 968 2012 pontifice,
990 1931 1042 1993 cui
1061 1935 1123 1994 hoc
1140 1934 1237 1997 etiam

209 2034 285 2107 dant
303 2035 494 2097 concordata
526 2034 649 2109 omnia,
677 2048 745 2117 que
772 2033 825 2094 cui
857 2031 927 2110 ejus
954 2033 1121 2095 autoritate
1141 2035 1239 2096 abro-

209 2144 281 2216 gata
297 2127 433 2211 fuerint,
455 2135 559 2218 (quod
577 2133 732 2214 contingit
748 2133 874 2216 quoties
894 2132 993 2195 minus
1013 2132 1171 2214 propitius
1188 2148 1237 2197 est

210 2233 324 2295 ovibus
347 2232 483 2302 sutrim
502 2236 623 2324 pastor)
643 2245 679 2296 ut
692 2235 802 2295 Romae
814 2244 959 2314 oporteat
975 2253 1012 2294 ea
1031 2246 1159 2314 petere,
1178 2235 1235 2297 ubi

209 2333 374 2417 negotium
390 2333 485 2399 datur
505 2333 667 2396 curtisanis
692 2334 857 2397 accusandi
877 2355 972 2418 quem
993 2334 1165 2398 videbitur.

628 2476 816 2541 Ernhold.

286 2544 392 2662 Atuue
410 2578 483 2641 binc
501 2578 535 2641 bi
553 2588 627 2641 sunt
651 2577 777 2659 publice
795 2579 967 2654 clamores,
995 2580 1085 2664 quod
1102 2577 1236 2659 indigne

207 2679 323 2742 nultos
342 2680 387 2741 illi
405 2678 574 2754 infestent,
599 2698 636 2740 ac
655 2675 913 2741 innocentissimo
934 2679 1048 2763 cuique
1068 2680 1238 2760 negotium

206 2778 374 2842 facessant.

629 2893 808 2958 Hutten.

284 2983 322 3056 ln
342 3014 409 3078 quo
428 3004 476 3058 est
495 2993 554 3057 alia
579 2994 693 3058 iterum
711 2995 820 3072 fraus,
848 2995 937 3080 quod
956 3016 1028 3058 cum
1047 2999 1086 3058 sit
1104 3009 1237 3060 cautum

207 3091 240 3160 in
260 3097 457 3159 concordetis
477 3115 532 3171 ea,
553 3096 669 3178 quibus
682 3097 723 3159 de
739 3096 863 3180 litigans
882 3096 953 3179 quis
971 3107 1042 3159 ante
1057 3097 1119 3160 litis
1136 3102 1238 3162 linem

207 3206 352 3261 mortuus
371 3195 486 3271 tuerit,
513 3195 681 3257 confestim
707 3196 842 3259 Romam
861 3199 993 3272 cedere,
1019 3196 1060 3260 de
1079 3196 1238 3261 industria

207 3309 341 3374 vocatur
371 3316 457 3358 nunc
489 3315 531 3357 eo
562 3295 822 3378 locupletissimus
857 3298 993 3382 quisque
1024 3317 1145 3374 senex,
1181 3308 1238 3361 aut

206 3397 468 3470 valetudinarius,
489 3415 555 3477 quo
572 3416 631 3470 ne,
652 3396 679 3457 si
699 3408 788 3459 extra
806 3401 930 3485 papales
949 3398 1081 3461 decedat
1097 3418 1235 3474 menses,

127 3548 130 3553 ,
208 3516 274 3558 non
293 3505 429 3558 transeat
449 3496 583 3557 Romam
609 3496 791 3579 negotium,
819 3490 1046 3583 quorum'vidi
1064 3500 1181 3560 multos
1200 3499 1237 3562 in

207 3595 320 3658 itinere
344 3594 444 3669 mori,
472 3610 545 3657 cum
566 3598 700 3658 Romam
725 3599 808 3659 irent
830 3598 945 3659 vocati.
983 3598 1108 3661 Malunt
1127 3611 1236 3662 autem

206 3711 406 3761 accusatores
430 3693 474 3756 illi
499 3690 626 3772 Rome,
656 3708 899 3781 quantacunque
929 3699 1022 3759 etiam
1047 3698 1237 3780 interposita

205 3793 389 3879 largitione,
421 3795 501 3856 etsi
520 3798 571 3859 vel
589 3797 760 3860 maximum
778 3797 938 3861 invertere
957 3814 1114 3881 sumptum
1135 3820 1235 3879 opor·

192 3909 286 3973 teat,
318 3896 438 3980 aliquid
464 3897 634 3973 emercari,
662 3909 756 3982 q'uam
782 3898 966 3983 ubicunque
990 3899 1081 3970 aliter
1100 3900 1233 3976 ambire,
1254 3895 1258 3904 ⁴

208 3998 299 4082 quood
318 3995 478 4078 pessimis,
499 4018 536 4060 ac
554 3998 728 4063 manifestis
744 4000 789 4062 ibi
811 4007 931 4062 tantum
950 3993 1121 4062 sceleribus
1137 4000 1233 4063 locus

206 4098 258 4163 ait.
296 4099 405 4179 Quare
425 4099 581 4162 Vadimus
604 4100 739 4182 colligit,
766 4098 825 4163 tria
843 4099 977 4163 suadere
997 4099 1141 4162 omnibus
1163 4097 1235 4162 no-

205 4212 289 4263 mem
307 4210 344 4262 ut
361 4210 453 4274 eant:
474 4198 612 4263 Romani
629 4198 765 4262 nominis
782 4198 1031 4263 admirationem.

624 4333 813 4409 Ernbold.

282 4427 384 4516 bobia
402 4434 531 4530 quidem
544 4441 609 4508 hm
624 4445 689 4509 suit
708 4463 803 4509 cama
821 4441 927 4507 eundi.
