2632 5086
213 779 286 853 bttl
383 771 440 851 ld
465 773 696 848 Fridericum
721 770 808 845 Sax..
825 773 922 845 Duc.
948 768 1056 868 epist.

127 998 132 1011 ·
212 966 302 1050 quod
328 969 504 1047 optandtuu
535 965 677 1048 inprimis
708 977 774 1040 est,
808 974 858 1027 tot
883 966 1064 1044 hypocryta
1090 958 1249 1024 desinat

211 1067 345 1149 simplici
363 1069 449 1148 plebi
468 1068 578 1132 liscum
598 1067 728 1142 lacere,
749 1084 921 1146 pauperem
942 1064 1094 1125 sudorem
1113 1081 1152 1123 ac
1172 1080 1249 1123 san-

212 1154 338 1250 guinem
358 1169 574 1245 emendicare,
596 1190 705 1231 ornnes
733 1158 919 1239 exhaurire,
946 1184 981 1227 se
1001 1163 1160 1244 implere,
1183 1160 1249 1223 sub

211 1268 289 1331 laisa
307 1268 471 1350 religionis
491 1272 596 1349 specie
616 1270 817 1345 lrartdareet
836 1267 996 1347 decipere.
1034 1268 1087 1329 An
1108 1286 1179 1326 non
1198 1266 1248 1326 vi·

212 1369 294 1443 des,
329 1380 409 1451 quot
434 1370 538 1451 magni
565 1371 758 1457 nebulones,
795 1378 874 1450 quot
900 1365 1001 1429 callidi
1030 1376 1247 1440 veteratores,

211 1467 272 1534 sub
292 1469 463 1532 monachali
484 1472 630 1543 cucullo,
667 1492 778 1552 magna
799 1489 1027 1551 nonnunquam
1046 1462 1169 1550 tttgitia
1188 1488 1246 1547 pa·

211 1568 319 1634 trant?
345 1581 378 1631 et
407 1570 495 1651 quod
522 1571 609 1633 multi
636 1588 721 1649 nunc
738 1570 882 1631 insidiosi
901 1569 1065 1649 accipitres
1085 1566 1247 1629 columbi-

211 1690 282 1735 uam
303 1670 528 1749 simplicitatem
548 1670 718 1747 simulant?
746 1673 832 1732 multi
851 1690 981 1751 rapaces
1005 1669 1072 1749 lupi
1092 1671 1246 1747 agninam

210 1769 383 1853 praeierunt
402 1770 636 1833 innocentiam?
673 1772 819 1851 Quorum
838 1782 942 1832 tamen
966 1770 993 1831 si
1012 1769 1074 1850 qni
1088 1769 1245 1833 meliores

210 1882 299 1946 sunt,
325 1893 380 1933 sua
401 1872 543 1953 quaedam
565 1886 599 1933 et
615 1888 699 1950 nova
718 1871 936 1951 superstitiose
957 1884 1163 1952 coepulantur,
1185 1873 1246 1934 im·

210 1971 262 2053 pie
282 1970 322 2032 ab
342 1970 399 2046 iis,
432 1994 502 2055 quae
532 1970 675 2035 Christus
703 1971 852 2044 instituit,
885 1971 1140 2050 praevaricantur.
1180 1973 1245 2037 His

210 2083 260 2133 tot
286 2071 486 2134 Germaniam
511 2072 734 2146 edocentibus,
766 2072 932 2154 magisque
951 2093 987 2133 ac
1007 2071 1105 2155 magis
1132 2074 1244 2135 omnia

211 2170 456 2246 devorantibus,
494 2171 623 2239 ablatis.
650 2173 740 2233 simul
768 2192 824 2247 ea,
853 2194 917 2255 qua
943 2172 976 2234 in
1002 2194 1061 2235 nos
1088 2172 1245 2236 seruntur

211 2270 428 2345 Romanistae,
468 2270 638 2349 diripiendi
675 2273 799 2334 licentia
829 2276 992 2354 adempta,
1028 2275 1156 2336 multum
1185 2272 1243 2335 hic

210 2369 302 2445 auri,
330 2372 461 2434 multum
480 2371 541 2433 erit
560 2371 693 2452 argenti.
731 2374 855 2435 Verum
874 2375 924 2449 id,
956 2388 1237 2455 quantumcunque

209 2471 304 2536 nobis
335 2483 389 2535 aut
417 2473 638 2555 qualecunque
672 2471 891 2555 relinquetur,
924 2473 956 2534 in
979 2471 1121 2534 meliores
1151 2490 1236 2532 treus

209 2574 293 2635 verti
322 2573 461 2654 poterit,
501 2592 614 2651 nempe
646 2583 681 2633 ut
709 2575 829 2635 alantur
858 2574 964 2656 magni
993 2569 1170 2644 exercitus,
1203 2589 1241 2635 et

209 2673 333 2753 imperii
358 2681 575 2753 propagentur
601 2672 698 2733 lines:
735 2673 826 2733 etiam
854 2675 990 2746 'l'urcae,
1018 2670 1045 2734 si
1064 2668 1242 2761 videbitur,

208 2772 423 2842 debellentur-3
453 2781 488 2831 ut
517 2770 625 2847 multi,
657 2774 711 2865 qui
741 2784 872 2854 propter
902 2771 1063 2851 penuriam
1089 2770 1243 2832 iurantur

208 2880 347 2932 nuncet
375 2869 519 2959 rapiunt,
552 2870 715 2952 stipendiis
742 2883 817 2933 tunc
848 2872 974 2944 vivant,
1002 2881 1037 2931 ut
1066 2867 1123 2952 qui
1148 2868 1244 2932 aliter

208 2981 321 3051 egent,
341 2971 525 3050 publicitus,
542 2993 608 3054 quo
623 2972 761 3053 inopiam
778 2962 930 3045 tolerent,
949 2969 1117 3052 accipiant3
1136 2981 1242 3053 utque

207 3070 380 3143 doctissimi
410 3072 531 3136 alantur
559 3072 701 3134 homines
731 3084 761 3134 ct
790 3072 951 3133 literarum
978 3070 1083 3133 studia
1104 3069 1242 3133 lovean·

207 3180 269 3235 tur.
314 3172 369 3233 ln·
384 3193 525 3249 summa,
560 3184 596 3233 ut
627 3171 734 3235 virtuti
762 3171 886 3253 praemia
921 3170 1001 3245 sint,
1035 3159 1241 3253 interneque

207 3271 355 3350 egestatis
380 3272 530 3334 habeatnr
547 3271 653 3348 ratio,
683 3272 808 3355 ignavia
827 3273 967 3347 exsulet,
994 3272 1082 3334 fraus
1106 3270 1243 3334 occidat.

206 3369 281 3431 Hoc
296 3370 440 3431 videntes
457 3369 608 3444 Bohemi,
627 3392 686 3448 per
706 3372 811 3434 omnia
830 3372 996 3435 nobiscum
1009 3370 1148 3445 facient,
1167 3382 1244 3433 tram

207 3484 374 3550 antequam
396 3469 547 3531 adversus
574 3488 685 3535 avaros
705 3474 886 3535 sacerdotes
906 3472 966 3536 sihi
990 3470 1242 3545 consuluissent,

206 3567 358 3652 prohibiti
375 3579 474 3632 erant.
512 3568 644 3633 Facient
666 3587 698 3634 et
718 3572 847 3647 Graeciss
862 3572 919 3655 qui
943 3592 1042 3655 quum
1061 3570 1151 3632 ferre
1179 3588 1243 3631 nec

206 3678 343 3748 possent
369 3668 543 3750 Romanam
561 3672 781 3749 tyrannidem,
811 3673 1031 3736 Romanorum
1049 3669 1243 3751 pontificum

205 3766 379 3843 instinctu,
406 3787 467 3849 pro
488 3768 688 3834 schismaticis
713 3786 787 3835 sunt
807 3772 923 3848 hahiti,
955 3773 1053 3833 multo
1077 3769 1141 3849 jam
1158 3780 1242 3832 tem-

206 3887 298 3952 pore·
335 3869 384 3932 Ac
405 3868 544 3932 Rutheni
570 3882 664 3933 erunt
686 3874 808 3949 nostri,
843 3873 900 3956 qui
920 3892 1017 3955 quum
1041 3890 1111 3932 esse
1132 3889 1241 3952 nuper

206 3968 343 4044 vellent,
379 3969 496 4051 repulsi
523 3971 771 4047 aSanctissimo
804 3986 899 4048 sunt,
934 3971 1065 4053 jubente
1093 3970 1242 4051 pendere

206 4067 263 4131 sihi
289 4088 459 4132 aureorum
484 4071 653 4154 quotannis
683 4084 797 4156 quater
823 4085 957 4136 centena
981 4061 1087 4134 millia.
1127 4070 1242 4133 Etiam

206 4170 320 4235 Tusce
339 4171 443 4234 minus
464 4170 606 4233 oderint:
636 4191 697 4234 nec
715 4173 770 4234 ulli
790 4173 918 4235 Ethnici
941 4172 1172 4248 calumniandi,
1205 4182 1244 4234 ut

204 4270 315 4353 prius,
356 4269 555 4347 occasionem
582 4270 751 4334 habebunt.
797 4272 959 4336 Hactenus
993 4273 1077 4336 enim
1111 4294 1242 4351 eorum,

205 4370 262 4454 qui
280 4369 428 4452 religioni
451 4368 662 4449 prefuerunt,
691 4372 762 4435 vite
791 4373 975 4454 turpitudo,
1004 4372 1122 4437 odibile
1148 4376 1246 4458 apud
