2632 5086
217 718 290 843 ili
475 720 581 797 Trias
612 719 780 796 Romana
803 717 991 820 Dialogus.

622 924 833 989 Ernhold.
906 944 911 959 ·

268 1031 374 1110 *Qua
395 1049 484 1091 mora
507 1025 627 1113 igitur?
659 1025 782 1090 ferrum
806 1046 874 1089 nou
894 1023 989 1090 habet
1009 1024 1196 1103 Germania,
1220 1043 1255 1099 et

219 1118 311 1214 ignes
326 1149 393 1193 non
408 1128 525 1193 habet?

177 1229 184 1239 ’
655 1231 829 1294 Hotten.

312 1327 345 1391 Si
361 1328 548 1405 nonhabet,
568 1322 680 1394 Turcac
693 1328 862 1393 habebunt.

634 1429 794 1494 Ernhol

296 1529 420 1592 Verum
438 1530 574 1592 ulcisci
565 1529 696 1611 injurias
711 1533 765 1595 has
783 1427 877 1593 saiius
895 1537 943 1591 est
962 1525 1048 1651 ipsos
1064 1547 1141 1603 nos,
1156 1547 1254 1611 qrsaur

224 1642 387 1696 externam
412 1632 546 1716 aliquam
571 1632 645 1694 vim.

663 1733 830 1796 Hutten.

296 1829 419 1906 Satius,
460 1831 517 1893 sed
544 1831 680 1895 vindicta
708 1833 772 1898 cito
801 1852 882 1911 opus
908 1838 974 1901 est,
1009 1829 1070 1906 jam
1096 1829 1200 1892 erevit
1220 1828 1256 1893 in

127 1984 131 1992 .
222 1929 410 1994 immensum
428 1931 512 1994 enim
528 1932 652 2001 licentia
672 1935 746 1996 hec.
784 1925 902 1997 Vidisti
919 1931 1033 1993 bullam
1053 1930 1152 2006 Julii,
1172 1929 1256 1992 illam

222 2017 362 2096 nobilem
395 2045 427 2094 et
455 2053 473 2093 a
497 2033 662 2097 cortisanis
698 2031 839 2114 gloriose
872 2027 1033 2111 jactatam,
1066 2049 1130 2112 qua
1163 2044 1255 2093 extre

180 2204 185 2219 ί
223 2130 391 2223 vagantem
411 2133 577 2213 quamdam
599 2131 650 2195 Pii
669 2130 712 2196 11.
738 2146 850 2195 eontra
867 2151 943 2206 eos,
979 2131 1034 2213 qui
1055 2128 1255 2193 adiuturum

223 2230 394 2293 concilium
422 2233 593 2312 appellant,
629 2234 807 2296 confirmat.
855 2232 955 2312 Quale
975 2229 1029 2293 Dii
1048 2226 1255 2292 immortales!

224 2330 386 2418 quamque
406 2333 510 2395 audax
526 2332 674 2409 ¹facinus,
702 2344 734 2396 et
758 2331 860 2408 illius,
890 2332 946 2415 qui
974 2333 1110 2413 primum
1128 2327 1253 2404 statuit,

223 2443 256 2495 et
275 2431 389 2514 hujus,
418 2434 472 2515 qui
491 2443 607 2496 statum
626 2432 827 2514 approbivit‚
862 2433 977 2495 siccine
1007 2430 1094 2495 illudi
1114 2429 1256 2492 fidelium

225 2533 330 2609 oeulis,
348 2546 442 2618 atque
463 2532 587 2608 animis,
607 2532 664 2598 sed
682 2534 744 2596 hoc
762 2532 926 2616 fecerunt,
956 2544 991 2595 ut
1011 2551 1137 2594 omnem
1158 2530 1255 2591 semel

175 2715 178 2719 Ι
222 2652 380 2703 terrorem
398 2622 623 2714 extinguerent
641 2654 771 2709 eorum,
794 2634 850 2717 qui
866 2645 977 2695 eontra
992 2632 1179 2712 pontificum
1196 2630 1256 2693 ini·

108 2793 111 2799 .
223 2734 375 2818 quitatem
397 2732 523 2796 concilii
541 2731 719 2815 refugium,
741 2734 830 2817 quod
850 2735 1052 2797 metuendum
1066 2733 1178 2794 Roma
1196 2743 1254 2808 est,

223 2845 379 2921 quaerunt.
419 2835 543 2897 Verum
560 2834 625 2896 haee
647 2832 744 2908 bulla,
777 2835 874 2917 qualis
896 2833 996 2918 qualis
1017 2841 1080 2907 est,
1102 2832 1185 2895 inter
1204 2853 1256 2895 ee-

220 2935 442 2999 elesiasticas'
432 2952 580 3013 Jamnunc
598 2933 840 2998 constitutiones
859 2947 1057 3010 numeratur,
1078 2943 1110 2995 et
1121 2933 1256 2996 Venetis

224 3033 360 3100 extorsit
378 3035 492 3111 urbes,
513 3056 550 3100 ae
569 3034 730 3119 regiones

633 3132 851 3200 Ernhold

223 3284 228 3291 .
299 3234 374 3299 Non
404 3236 455 3298 illa
480 3235 581 3310 bulla,
611 3237 640 3298 si
665 3247 753 3299 recte
772 3235 918 3311 memini,
948 3240 1004 3297 sed
1024 3235 1205 3308 Gallorum,
1225 3246 1259 3296 et

175 3414 178 3421 ι
223 3336 457 3400 Germanorum
485 3355 579 3398 arma.
635 3337 722 3418 Quid
756 3349 846 3418 putas
875 3336 958 3399 enim
987 3335 1127 3397 lecturos
1157 3333 1257 3397 fuisse

224 3437 368 3502 hominos
391 3434 559 3519 prudentia
577 3433 731 3509 invictos,
763 3437 920 3500 civitatem
939 3434 1072 3497 consilio
1092 3435 1132 3496 ad
1152 3435 1256 3496 omnia

225 3537 426 3611 instructam,
462 3534 627 3615 impudens
644 3538 707 3599 hoc
725 3547 965 3620 nugamentum,
996 3534 1056 3597 nisi
1076 3545 1123 3595 tot
1142 3554 1255 3616 reges,

226 3649 274 3700 tot
293 3635 494 3718 respublica,
516 3647 563 3696 tot
582 3637 750 3709 adversum
770 3637 928 3699 exercitus
942 3635 1096 3702 luissent?
1116 3637 1255 3699 medium

227 3737 361 3822 digitum
383 3734 596 3800 ostendissent
614 3735 733 3798 frivolo
753 3749 943 3800 commento.

249 3918 251 3924 Ι
659 3837 835 3899 Huttcn.

301 3939 392 4001 Esto.
430 3936 494 3999 Sed
506 3936 568 4000 hoo
580 3937 672 4019 quale
685 3949 754 4013 est,
777 3938 866 4019 quod
881 3938 996 4000 bullam
1012 3959 1081 4000 cam
1097 3936 1192 3999 audet
1205 3935 1255 3998 ille

224 4032 380 4121 impostor
407 4035 518 4117 spiritu
537 4049 645 4100 sancto
666 4049 859 4112 cooperante
878 4039 917 4099 ab
938 4061 972 4101 sc
992 4038 1137 4116 scriptam
1158 4035 1256 4116 proii-

223 4138 307 4202 teri?
326 4138 415 4223 qtrasi
434 4137 536 4220 possit
553 4139 641 4214 lleri,
659 4137 746 4200 utin
764 4149 855 4199 tantae
873 4138 1068 4220 malignitatis
1087 4135 1258 4198 concilium

223 4238 277 4303 ille
297 4259 331 4300 se
351 4236 524 4304 immisceat
543 4236 672 4318 spiritus
692 4235 868 4316 sapientias,
904 4250 936 4300 et
963 4237 1101 4300 scientie
1122 4237 1201 4311 Dei,
1225 4244 1256 4296 et

227 4340 357 4404 ecclesia
388 4354 519 4406 roratur
548 4340 628 4406 illius
658 4335 789 4402 latronis
818 4337 1077 4419 conciliabulum,
1097 4357 1162 4400 noo
1183 4344 1256 4416 pes-
