2632 5086
96 726 100 731 ¹
146 743 192 811 32
424 765 425 768 ¹
456 696 628 829 blissulus
651 734 835 835 Dialogus.

146 938 303 1003 mortuos,
323 931 379 992 hos
393 926 535 992 viventes
550 928 714 990 devorare.
723 930 738 959 “
768 926 831 1007 Qui
845 946 916 988 cum
930 922 1019 987 noxii
1035 925 1157 1007 ubique

147 1028 228 1102 sint,
257 1029 349 1090 utiles
367 1048 539 1111 nusquam,
567 1028 707 1091 maximis
728 1038 830 1089 temen
852 1048 888 1087 ac
911 1020 1159 1088 intolerabilibus

147 1129 271 1190 aluntur
286 1127 468 1207 sumptibus.
487 1124 557 1191 Hos
569 1128 676 1190 videas
686 1128 720 1187 in
733 1127 818 1187 omni
829 1125 993 1200 munditia,
1011 1125 1157 1187 omuibus
1202 1171 1205 1179 ·

146 1224 272 1290 lautitiis
292 1227 480 1303 delitianres,
508 1226 668 1308 splendide
691 1226 837 1299 vestitos,
866 1224 949 1286 bene
971 1234 1157 1298 mnumetes,

148 1346 271 1406 semper
289 1327 411 1402 ebrios,
432 1326 684 1401 uc'temulentos,
704 1328 754 1386 vel
773 1323 851 1386 citra
871 1325 978 1409 viuum
997 1325 1157 1387 studiosos

148 1431 240 1501 ates,
260 1428 383 1488 deditos
403 1432 544 1509 crapulae.
584 1426 648 1507 Qui
666 1424 753 1487 aliter
772 1440 836 1486 non
853 1424 884 1507 ἦ)
900 1426 1013 1486 vivunt
1028 1425 1061 1485 in
1078 1428 1158 1498 sule,

151 1548 245 1610 quem
268 1528 318 1589 itta
337 1527 453 1605 Ulyssis
479 1526 564 1589 domi
589 1546 759 1606 procorum
782 1525 942 1586 colluvies.
979 1524 1072 1586 Adeo
1093 1544 1160 1587 non

149 1647 259 1709 perure
278 1637 330 1688 eru
348 1646 465 1707 sugere
484 1646 550 1689 rem
569 1625 646 1700 nati,
674 1626 730 1689 scd
749 1642 935 1686 consumere
960 1645 996 1685 ec
1025 1618 1162 1705 perdere

152 1726 248 1804 oleove.
261 1753 309 1788 και
324 1731 447 1805 φέᾳουσι.
468 1729 581 1809 Neque
591 1726 720 1792 istorum
737 1723 887 1807 quicquid
895 1723 1007 1806 gratis,
1019 1724 1162 1805 quundo-

151 1827 279 1909 (pridem
294 1827 384 1908 primi
400 1828 450 1889 isti
466 1828 609 1889 munifice
625 1825 797 1898 donantur,
816 1822 984 1884 liberaliter
997 1823 1160 1885 habentur.

151 1930 237 2008 regie
249 1927 440 2000 vestiuntur,
456 1925 543 1997 Μ’)
551 1926 646 1986 officia
660 1923 763 1996 facile,
776 1921 972 2001 praefecturas
985 1942 1020 1982 sc
1028 1923 1162 2009 ¹bonores

151 2027 337 2086 evehuntur.
368 2027 409 2087 Et
422 2025 462 2085 de
473 2023 665 2106 Palponibus
681 2022 787 2085 aulicis
805 2021 920 2085 dictum
935 2022 1067 2085 fortasse
1081 2025 1163 2104 plus‚'

110 2114 114 2119 ⁴
152 2143 245 2205 quem
273 2122 432 2203 oportuit;
461 2125 517 2185 sed
540 2122 678 2199 idcirco,
698 2135 733 2185 ut
754 2124 959 2203 intelligeres,
980 2126 1059 2186 hanc
1076 2123 1165 2185 nsvi-

153 2222 312 2305 gstionem
330 2224 407 2305 quid
422 2222 615 2303 potissimum
630 2224 799 2299 difficilem,
816 2223 924 2298 etm)
937 2222 1165 2306 intranquilluut
1203 2278 1205 2283 .

156 2310 321 2398 redderet,
350 2342 387 2384 ec
405 2322 438 2384 iu
458 2325 527 2385 aule
545 2321 710 2385 amicitiem
729 2345 769 2384 ne
786 2342 1001 2403 praesumeres.

584 2419 741 2484 Castus.

227 2519 270 2583 Ut
288 2519 383 2583 video
401 2516 533 2582 maxime
556 2520 691 2603 indignis
714 2519 861 2584 benevoli
879 2540 915 2582 ac
935 2519 1068 2583 benefici
1087 2538 1160 2586 sunt

155 2618 323 2700 principes.

554 2717 763 2783 Miseulus.

198 2902 200 2907 Ι
229 2818 336 2900 Atque
356 2819 418 2882 hoc
435 2828 502 2895 eet,
531 2822 620 2902 quod
639 2820 727 2882 vides
753 2820 905 2901 quosdam
924 2836 1029 2900 neque
1049 2840 1167 2900 genere

157 2919 273 2992 cleros,
305 2936 425 3002 neque-
440 2920 556 2981 virtute
585 2919 816 2981 commendatos
844 2917 878 2979 in
910 2938 1064 2981 summum
1089 2940 1170 2982 con·

157 3017 326 3081 scendisse.

582 3116 738 3182 Castus.

229 3213 352 3293 Scribas
372 3216 516 3282 maxime.

556 3316 768 3381 Miseulus.

232 3413 300 3475 lmo
319 3415 471 3496 quosdam
488 3415 596 3477 scribis
616 3418 785 3499 nequiores
798 3416 895 3494 sess).
927 3419 1034 3501 Atque
1049 3414 1171 3482 utinam

159 3512 273 3575 scribes
298 3524 415 3575 tentum
440 3516 630 3577 evellerent!
670 3517 716 3578 lte
742 3517 809 3579 sine
835 3514 954 3595 judicio
983 3539 1018 3578 ec
1044 3517 1170 3580 delectu

156 3613 297 3676 liberales
316 3623 389 3675 sunt
406 3613 572 3693 principes.
613 3648 616 3653 ·

585 3711 740 3776 Castus.

232 3812 420 3877 Jumdudum
437 3822 526 3874 extra
541 3823 629 3875 tuum
647 3832 823 3876 sermonem
839 3834 914 3876 mee
930 3810 1174 3893 peregrinentur

159 3935 264 3988 eures,
299 3933 335 3973 ec
359 3912 399 3974 de
423 3913 560 3993 quodam
574 3913 611 3986 †)
631 3910 736 3992 cogito
757 3922 917 3976 Mortem.
964 3912 1027 3974 Sed
1051 3919 1085 3972 tu
1111 3910 1175 3972 tris

113 4079 117 4085 ,
159 4013 273 4086 verbe,
301 4033 369 4095 quse
388 3998 519 4094 neglexi
537 4010 675 4086 interim,
706 4014 833 4093 repete!

194 4237 226 4306 ¹⁴)
243 4249 318 4292 eluet
335 4257 406 4291 nou:
430 4256 478 4292 nort
495 4244 571 4292 ellter.
605 4236 650 4306 ⁸⁰)
667 4254 713 4293 et:
738 4247 775 4292 sd.
812 4234 874 4304 ω)
892 4252 936 4290 et:
958 4258 992 4292 se.
1028 4235 1107 4305 ω’)
1125 4260 1174 4294 ees

194 4332 310 4386 quiores:
329 4329 462 4374 interiores.
496 4321 534 4389 †)
551 4332 672 4387 quodam:
691 4330 740 4377 ille.
1201 4314 1205 4327 ⁴
