2632 5086
348 730 352 735 ·
436 680 627 783 ¹Misaulus
650 709 833 811 Dialogus.
1102 725 1144 794 ⁵1

140 904 239 988 btqtn
254 906 340 968 odeo
361 902 484 986 nequid
504 913 619 978 tutum,
650 902 770 986 nequid
788 903 827 967 sit
845 902 878 966 in
897 909 966 971 auls
985 920 1145 990 pacatum,
1186 927 1193 936 ·

146 1005 251 1087 sliquos
275 1005 350 1067 vidi
380 1026 397 1066 a
421 1001 617 1064 morionibus
647 1005 843 1079 exoculatos,
877 1005 950 1067 dum
982 1011 1144 1087 provocati

149 1101 334 1179 illiturinnt,
368 1103 523 1186 quosdam
551 1103 591 1164 ad
616 1112 747 1175 mortem
776 1124 877 1184 usqne
905 1127 1010 1180 erasos.
1058 1111 1157 1173 lnter*

156 1224 217 1285 pm
231 1203 408 1277 molestias,
428 1201 589 1285 interque
609 1202 784 1265 discrimina
801 1204 877 1285 quid
891 1206 1015 1268 tandem
1028 1188 1144 1289 praeniii
1252 1198 1255 1206 ⁸

159 1303 219 1386 prid
233 1304 335 1385 solatii
354 1314 418 1379 est,
452 1302 573 1366 Caute?
614 1303 678 1364 Aut
704 1323 768 1365 non
794 1324 917 1385 sempor
935 1306 1143 1388 vigilandum,

161 1405 260 1466 aberam
277 1405 312 1465 in
329 1414 465 1484 partem,
503 1422 543 1463 ue
568 1401 626 1462 tibi
652 1403 776 1466 silescat
794 1406 914 1484 gratis,
947 1407 980 1468 in
1002 1415 1142 1488 alteram,

164 1503 258 1585 utquid
286 1503 410 1564 invidie
437 1501 614 1566 suboriatur
630 1501 670 1577 ¹⁶).
710 1504 751 1562 Et
777 1503 860 1566 sorte
888 1507 1021 1570 officium
1047 1507 1143 1589 petis,

167 1603 235 1684 quod
249 1614 297 1664 aut
313 1604 448 1665 locatum
465 1600 528 1683 jam
546 1612 610 1676 est,
637 1613 689 1663 aut
708 1601 735 1664 si
754 1614 857 1677 vacat,
877 1607 1025 1686 plurimos
1051 1611 1145 1673 habet

168 1703 379 1783 rumpetitores,
400 1722 534 1784 quornm
551 1708 584 1762 tn
604 1701 710 1762 studio
730 1700 789 1761 nisi
806 1722 863 1780 par
878 1703 996 1782 fueris,
1016 1712 1144 1791 quando

170 1801 269 1863 taudem
290 1822 358 1882 spes
381 1812 446 1878 est,
476 1799 577 1864 multis
592 1802 757 1863 antelatum
777 1821 874 1865 uuum
894 1802 959 1865 iri?
973 1804 1022 1879 ”J
1061 1809 1145 1875 Tum

174 1920 228 1960 non
240 1922 383 1985 mmqtmm
402 1901 435 1964 in
453 1899 552 1981 pirata
571 1899 677 1966 incito
696 1901 760 1962 haec
778 1900 889 1964 navis?

562 1998 716 2062 Castus.
888 2074 895 2085 .

236 2101 300 2179 Quas
317 2099 347 2167 in
365 2099 506 2182 piratas?
537 2099 606 2175 dio,
628 2103 708 2162 oro!
750 2101 829 2164 Nam
848 2114 883 2164 ut
909 2103 1021 2182 video,
1059 2105 1143 2173 nuni

174 2208 272 2276 aparte
287 2198 438 2283 navigatio
458 2210 505 2260 est
522 2198 585 2260 vita
604 2199 711 2262 aulica.
732 2186 735 2191 .

541 2299 747 2363 Misaulus.

235 2399 303 2474 Ouid
318 2400 399 2462 aliud
426 2399 534 2463 enim?
568 2398 627 2462 nisi
656 2409 688 2459 tu
712 2398 864 2481 quicquid
881 2399 1030 2466 invenisti
1048 2405 1145 2488 tnagis

179 2494 330 2579 navigationi
346 2499 526 2580 periculosae
545 2497 637 2561 etiarn
651 2497 720 2574 m)
737 2499 843 2561 simile.

559 2597 715 2668 Castus.

236 2695 300 2762 llbil
317 2721 385 2764 esse
408 2700 514 2762 credo.

536 2796 745 2860 Misaulus.

238 2893 352 2960 Proinde
378 2901 492 2960 multos
517 2896 648 2958 habeant
672 2896 888 2975 insidiatores,
921 2901 1034 2961 multos
1054 2902 1147 2964 etiam

179 3006 259 3073 aperte
270 2997 421 3085 inimieos,
440 3019 567 3059 necesse
583 3008 644 3071 est,
668 2998 722 3079 qui
736 3000 832 3059 multa
845 2999 1015 3076 possident.
1054 3001 1146 3064 Unde

178 3091 200 3152 si
214 3096 350 3180 ansgerii
369 3099 416 3172 ei,
447 3098 528 3178 apud
548 3117 642 3178 quern
659 3097 776 3169 servis,
808 3096 921 3157 bellum
942 3117 1026 3172 osse,
1059 3100 1147 3186 acin

176 3193 255 3258 loss
271 3209 301 3260 tu
319 3196 479 3272 incideris,
510 3209 541 3259 et
564 3197 607 3258 illi
633 3206 755 3276 captum
780 3194 932 3256 abducant
944 3241 953 3271 ,
989 3209 1054 3260 tum
1075 3201 1145 3282 quis

175 3291 293 3358 redimit?

566 3393 724 3458 Castus.

232 3493 297 3572 Quis
314 3496 397 3558 enim
418 3495 512 3572 alius,
533 3516 625 3578 quam
646 3492 736 3569 cujus
756 3493 791 3554 id
808 3517 901 3561 cansa
919 3520 1027 3578 passus
1047 3501 1127 3563 situ?

543 3590 747 3657 Misaulus.
860 3611 897 3631 ·‘'

224 3690 264 3754 At
277 3714 368 3756 nemo
388 3693 505 3771 minus,
527 3690 635 3756 Casto!
664 3693 742 3753 Nam
760 3701 847 3756 tuum
861 3672 909 3756 bi
926 3696 1145 3774 patrimonium

162 3786 273 3870 ditm,
303 3812 338 3855 ae
363 3793 430 3878 ipse
449 3806 480 3856 te
499 3803 533 3855 ut
555 3791 684 3863 liberes,
716 3812 795 3871 opus
822 3802 879 3854 est.
928 3795 1024 3873 Quod
1043 3795 1069 3856 si
1088 3794 1145 3855 im·

155 3889 295 3956 uiliorem
314 3903 423 3955 nactus
441 3891 483 3954 sis
501 3893 648 3972 piratam,
680 3910 852 3966 carcerem,
879 3891 1018 3966 vinculo,
1044 3902 1143 3955 tortu·

151 4010 196 4054 nt
211 3991 265 4053 tibi
282 4011 441 4073 propono.
477 3992 551 4053 Non
568 4009 726 4070 nunquam
745 3987 837 4051 etiam
857 4002 999 4052 mortem.

174 4211 203 4279 ⁴)
218 4221 310 4274 mnu
325 4221 428 4285 tentate
445 4217 602 4266 suboriatur:
626 4229 656 4266 ns
675 4219 708 4264 tui
727 4219 757 4266 nt
774 4216 873 4265 tadlum.
923 4209 971 4279 ⁸⁴)
989 4233 1047 4268 anu
1065 4225 1144 4269 tutan

171 4318 245 4353 mn
263 4307 322 4349 mr
339 4315 410 4348 unum
426 4300 537 4360 mutan.
572 4294 628 4352 ”⁸2
639 4304 797 4360 nastqattsnt
809 4304 955 4359 periculosa
973 4307 1064 4352 ettam:
1083 4305 1143 4355 buia.
