2632 5086
390 724 495 801 Trias
519 725 688 801 Romana
710 723 899 827 Dialogus.
1092 725 1162 803 481

142 923 210 1004 plus
234 919 330 1005 agere
359 920 479 1004 apicem
499 918 534 982 in
552 918 618 984 suis
636 916 915 985 coristitutionibut
934 937 1049 998 unum,
1069 939 1165 1004 wem

140 1034 303 1086 sexcentas
315 1021 539 1101 imperatorum
550 1021 851 1096 Romarrorum,aut
861 1035 1005 1084 veterum
1014 1019 1166 1104 jurecon-

142 1127 295 1186 sultorum
304 1125 406 1200 leges,
425 1120 662 1204 praeferuntque
678 1120 843 1203 evangelio
856 1141 1010 1197 mounes,
1024 1136 1057 1184 et
1070 1120 1164 1189 curi·

140 1226 180 1288 sti
201 1225 349 1287 doctrinae
374 1221 562 1304 pontificalia
581 1223 725 1301 decreta,
755 1223 857 1287 minus
878 1221 1052 1286 tribuentes
1071 1223 1162 1302 Deo,

142 1343 235 1404 quam
253 1323 443 1386 hominibus.
481 1323 579 1403 Quod
606 1321 725 1387 obnixe
743 1324 825 1386 adeo
845 1340 990 1401 tuentur,
1020 1338 1055 1387 ut
1073 1323 1165 1411 nelca

141 1426 273 1498 ducant,
304 1424 393 1508 quod
420 1428 513 1488 serocl
534 1421 680 1506 pontifex
699 1422 810 1507 aliquis
837 1422 965 1502 statuit,
996 1421 1166 1488 contrait!
1212 1440 1215 1446 ’

142 1526 193 1585 vel
212 1525 323 1587 mutire
342 1518 402 1586 nos
422 1524 639 1606 evangelicum
658 1523 746 1609 quid·
796 1523 842 1590 At
859 1524 1028 1607 episcopus
1049 1525 1166 1589 Roma·

142 1645 201 1685 nus
232 1624 359 1708 quoties
394 1644 510 1686 novam
547 1623 675 1688 molitur
704 1620 915 1702 emtionem,
948 1619 1167 1701 advocatisin

142 1724 311 1785 concilium
330 1744 416 1802 uno,
437 1739 491 1788 aut
510 1726 608 1787 altero
627 1746 667 1788 ex
687 1715 914 1801 cardinalibus,
940 1737 995 1788 aut
1012 1742 1168 1806 protoaoo

143 1824 228 1889 tarils
247 1824 329 1898 suis,
350 1825 402 1886 vel
422 1839 469 1888 tot
488 1824 581 1887 etiarn
600 1824 743 1901 monitis,
766 1842 846 1907 quot
859 1841 913 1889 aut
925 1818 987 1888 sibi
1006 1818 1167 1887 obnoxios

143 1924 250 1998 habet,
272 1939 325 1985 aut
345 1925 426 1986 velle
446 1923 546 2001 idem,
566 1924 655 2009 quod
674 1938 824 2003 conatur,
844 1919 1047 2008 pernoverit,
1067 1927 1169 1989 eccle·

144 2024 196 2088 siae
224 2023 320 2089 totius
351 2024 547 2088 autoritatem
573 2024 627 2102 ei,
656 2023 746 2109 quod
775 2027 818 2087 sic
837 2022 982 2108 peperit,
1016 2027 1168 2105 decreto,

144 2126 364 2209 qualecunque
379 2126 494 2188 esthoc
509 2123 616 2201 cnam,
638 2140 692 2189 aut
705 2139 985 2211 quantumcunque
1000 2120 1169 2203 nefarium,

144 2228 324 2310 praetendit,
345 2227 389 2287 ibi
401 2229 640 2292 tumclamaturt
660 2226 800 2290 Ecclesia
817 2224 880 2290 lroc
898 2222 1017 2290 statuit!
1037 2222 1171 2289 ecclesie

143 2349 210 2390 non
231 2331 332 2390 errat!
360 2327 491 2392 credere
512 2342 641 2409 oportet
664 2324 698 2390 in
723 2341 860 2391 sanctam
884 2325 1076 2414 ecclesiaml·
1095 2324 1170 2387 Hoc

144 2429 218 2491 satis
238 2445 301 2504 est,
320 2427 371 2491 hic
391 2429 536 2491 omnibus
556 2424 730 2491 obstruitur
749 2442 803 2507 os,
825 2446 920 2492 nemo
941 2427 1019 2512 quid
1038 2438 1170 2490 movere

145 2531 240 2592 arrdet
256 2529 443 2590 intentanda
462 2526 588 2590 haeresis
606 2523 765 2608 periculo,
796 2526 886 2613 quod
913 2524 954 2593 de
978 2524 1063 2591 facili
1087 2527 1169 2593 adeo

145 2616 385 2702 intenaiitur,ut
393 2625 564 2707 proclivius
573 2626 614 2689 sit
624 2625 803 2690 herencurn
812 2624 898 2705 lieri,
911 2645 1006 2714 quarn
1014 2642 1169 2707 errorem,

147 2729 217 2790 vitae
237 2743 421 2810 agnoscere.
468 2727 513 2789 At
531 2721 574 2790 illi
592 2723 677 2790 hunc
695 2747 767 2791 curn
783 2726 933 2793 iecissent
951 2729 1040 2811 prius
1061 2728 1172 2793 sucum

145 2829 267 2912 populo
282 2826 478 2908 Christiano,
495 2841 563 2892 tum
577 2845 655 2891 uero
672 2827 854 2891 sanctissimi
868 2828 1060 2895 uocabulum
1071 2846 1172 2911 agno·

147 2929 193 2992 vit
209 2929 310 2992 statim
337 2943 445 3010 pastor
469 2927 537 3005 ille,
565 2938 625 2992 nec
651 2923 849 2991 beatissimus
879 2929 1006 2993 salutari
1033 2926 1173 2994 enrbuit.

146 3029 273 3094 Exinde
293 3028 410 3111 pedum
430 3025 656 3105 osculationes,
676 3044 709 3089 et
728 3023 904 3109 principum
922 3023 1174 3095 Christianorum

148 3130 188 3194 ad
205 3130 346 3193 intentati
362 3126 561 3193 anathematis
580 3144 735 3192 terrorem
752 3145 866 3192 metus.
912 3128 1020 3195 satim
1040 3145 1105 3194 tcta
1121 3127 1174 3195 ills

148 3232 285 3310 tyrannis
305 3229 478 3304 increbuit,
504 3245 617 3292 verurn
639 3228 712 3293 huic
726 3227 874 3313 potentias
892 3247 974 3311 opus
991 3245 1059 3296 crat
1075 3246 1172 3312 pecu·

147 3332 214 3408 nia,
247 3346 283 3393 ut
305 3346 448 3410 sumptus
474 3325 546 3411 plus
573 3347 668 3414 quam
699 3330 807 3412 regios
837 3328 989 3394 lacerent.
1039 3328 1173 3412 Triplex

148 3431 310 3493 inventum
333 3430 377 3492 ibi
400 3426 564 3493 consilium
594 3431 809 3514 extorquendi
834 3431 873 3492 ab
899 3428 1017 3494 exteris
1048 3447 1170 3524 annun⁴

149 3548 206 3611 per
225 3527 487 3611 indulgentiarum
516 3529 676 3595 nundinas
687 3571 696 3606 ‚
723 3548 782 3614 per
805 3530 977 3595 simulatam
996 3532 1030 3593 in
1049 3531 1170 3595 Tuaen

149 3627 401 3710 expeditionem,
428 3646 460 3691 et
476 3648 642 3696 concessas
665 3630 776 3714 legatis
794 3631 878 3712 eputl
897 3631 1048 3695 barma
1071 3630 1170 3699 lmu-

150 3746 239 3794 tatcs.
758 3768 762 3775 -

546 3868 640 3937 Era
653 3868 771 3941 hold.

224 3985 394 4075 Nunquam
420 3982 531 4074 aliquis
550 3990 652 4073 aptius
670 3989 736 4055 hec
760 3984 905 4082 collegit,
935 3984 1084 4075 prolecto
1105 3995 1170 4065 tres

148 4098 222 4157 tunt
240 4095 286 4156 hae
304 4090 468 4177 praecipuae
488 4090 613 4158 illorum
631 4090 805 4176 piscature.

576 4230 743 4303 Hutlen.

234 4347 389 4417 Ninrirum
411 4346 499 4416 Petri
518 4326 716 4420 successores
736 4347 850 4440 piscari
870 4347 972 4418 deest

187 4486 261 4542 Hau
282 4494 329 4551 op.
351 4498 371 4540 r.
391 4496 432 4539 ιιι.
837 4464 880 4539 ³1
