2632 5086
427 711 668 810 Inspicientes
691 710 877 812 Dialogus.
1091 722 1158 791 cst

611 919 697 983 sot.

216 1024 319 1087 Etiam
337 1022 444 1085 insunt
462 1021 542 1096 haec,
563 1040 670 1103 neque
690 1039 785 1082 nemo
805 1017 904 1085 estin
918 1016 1051 1083 urbibus
1071 1022 1162 1083 etiam
1188 995 1193 1009 ”

140 1124 250 1206 frugi,
282 1125 338 1187 sed
358 1143 446 1184 more
466 1119 629 1183 hominum
650 1123 701 1196 lit,
733 1133 768 1182 ut
788 1121 828 1181 ab
846 1122 1000 1185 inertibus
1019 1120 1160 1203 plurimis

142 1225 359 1306 opprimantur
377 1221 482 1305 frugi,
502 1231 534 1281 et
552 1222 694 1283 sollertes
713 1222 816 1301 pauci.

542 1321 763 1383 Pha'c'thon.

218 1424 332 1507 Neque
352 1434 471 1486 tantum
490 1422 533 1484 ibi
560 1430 665 1501 potest
683 1421 792 1503 regina
813 1421 964 1501 pecunia,
991 1432 1027 1482 ut
1049 1419 1163 1482 adver·

143 1524 295 1585 sariorum
321 1523 471 1583 virtutem
499 1520 621 1595 vineat,
646 1521 817 1600 praesertim
842 1520 1047 1602 pecuniarum
1061 1517 1165 1601 gratia

143 1646 214 1687 cum
233 1626 308 1685 liant
329 1620 460 1686 omnia?

616 1720 699 1781 Sol.

220 1819 316 1899 Apud
336 1818 413 1887 alios
439 1830 565 1902 posset,
594 1821 824 1881 Germanorum
842 1839 922 1881 vero
942 1838 981 1880 ee
999 1832 1047 1880 est
1064 1817 1166 1898 integ·

145 1917 239 1993 ritas,
278 1942 348 2001 qne
375 1921 534 2000 opinionis
560 1921 692 1993 habeat,
725 1931 759 1979 ct
777 1920 963 1981 reverentie
989 1918 1030 1980 de
1051 1917 1167 1978 virtute

145 2020 310 2101 plusquam
332 2021 371 2082 de
390 2011 544 2100 pecunia,
570 2029 799 2102 suspectosque
818 2018 951 2095 habent,
979 2034 1091 2097 utpar
1109 2031 1166 2090 est,

146 2120 318 2197 locupletes
353 2118 451 2194 istos,
484 2118 692 2199 proverbium
722 2120 783 2179 hoc
808 2117 854 2178 in-
871 2138 938 2180 eos.
964 2114 1167 2197 objicientes,

147 2219 182 2279 uir
200 2217 252 2281 οὐκ
273 2221 337 2280 iscis
358 2219 384 2281 δι
404 2223 593 2292 naupredae-r
614 2219 733 2298 ipsust.

525 2321 771 2385 Pha'e'tlrorr.

222 2418 320 2481 Plane
352 2420 494 2502 quaedam
527 2432 574 2482 est
606 2421 638 2481 in
670 2421 717 2481 ltis
748 2419 882 2501 antiquae
911 2416 1013 2480 adhuc
1043 2413 1168 2477 virtutis

147 2519 285 2597 species,
318 2519 482 2582 latrocinia
501 2529 621 2595 tamen,
650 2518 709 2580 etsi
728 2519 858 2580 robusta
877 2517 916 2580 sit
934 2517 999 2579 haee
1019 2511 1170 2595 improbi·

149 2628 211 2691 tas,
246 2639 311 2677 non
332 2619 438 2680 laudo.
488 2619 644 2681 Praeterea
672 2620 760 2700 quod
780 2618 894 2680 nimius
915 2638 985 2680 esse
1003 2617 1110 2699 rigor,
1139 2622 1171 2677 et

152 2715 330 2778 centaurica
349 2718 492 2801 quedam
511 2719 660 2799 asperitas
680 2719 823 2796 videtur,
856 2738 922 2779 uon
940 2718 1053 2797 placet.
1101 2718 1170 2778 Ho-

153 2815 253 2877 mines
281 2838 359 2878 vero
386 2818 572 2898 probarem,
605 2819 631 2881 si
659 2819 830 2880 adinvento
857 2817 991 2879 consilio
1017 2825 1172 2901 cogerent

151 2915 334 2979 delicatulus
361 2917 455 2994 istos,
489 2933 522 2981 et
541 2918 737 3000 voluptarios
758 2930 978 2998 corruptores,
1010 2940 1067 2997 per
1088 2937 1171 3000 quos

150 3017 202 3090 fit,
224 3027 259 3079 ut·
277 3019 355 3079 male
374 3018 480 3080 audiat
499 3018 686 3094 Germania,
713 3030 766 3080 ant
787 3019 892 3080 relicta
911 3017 1041 3079 morture
1061 3015 1172 3078 melius

152 3115 313 3180 instituere
335 3118 449 3193 uitam,
480 3130 532 3179 aut
559 3119 716 3181 excedere
738 3117 908 3181 Germania
934 3118 1053 3191 statim,
1084 3115 1172 3197 prius

152 3237 245 3298 quiam
265 3219 304 3280 sd
325 3237 434 3279 omncs
455 3219 619 3299 perveniat
639 3218 873 3300 depravationis
897 3216 1057 3299 contagio.
1097 3216 1174 3278 Om-

154 3320 231 3380 nino
251 3333 355 3380 antenr
376 3338 485 3380 arcere
499 3319 667 3400 peregrina
687 3340 743 3383 eos
764 3318 924 3393 convenit,
943 3329 976 3379 et
990 3315 1173 3390 excludere,

154 3437 190 3476 ae
211 3418 341 3478 luxuriae
358 3420 565 3481 'instrumenta
586 3418 731 3496 arrfcrre,
751 3416 814 3500 jam
831 3419 922 3481 valde
936 3418 1020 3480 enim
1033 3416 1175 3495 displicet

158 3514 218 3595 ipsi
237 3517 327 3589 milri,
360 3520 451 3601 quod
475 3521 521 3582 sic
544 3521 629 3580 laute
648 3519 744 3581 video
765 3538 876 3581 curare
897 3517 1052 3600 quosdam
1070 3537 1122 3590 se,
1144 3524 1175 3577 et

156 3614 257 3696 patrio
279 3628 461 3700 postergato
480 3621 560 3695 ritu,
591 3631 740 3681 externos
760 3618 946 3692 admittere,
966 3636 1002 3678 ac
1021 3615 1175 3696 pessimos

156 3715 290 3796 turpiter
320 3737 442 3791 mores,
474 3731 507 3779 et
531 3720 592 3781 lroc
622 3721 769 3795 studere,
811 3731 847 3779 ut
875 3717 1046 3798 peregrina
1070 3715 1177 3778 malint

157 3814 274 3898 flagitia
296 3817 448 3892 retitulari,
470 3839 564 3900 quam
584 3817 714 3898 patriam
733 3818 870 3880 retinere
891 3817 1048 3879 virtutem.
1083 3816 1178 3878 Adde

160 3919 247 4000 qnod
268 3919 312 3978 sic
327 3921 403 3979 fiunt
423 3939 488 3979 nou
501 3918 638 3980 imbelles
655 3930 789 3994 tautum,
811 3919 867 3981 sed
881 3915 1060 3979 effoeminati
1075 3915 1177 3978 etiam·

160 4023 244 4080 Ecce
265 4031 369 4081 autem
389 4030 501 4097 prretcr
520 4020 622 4097 gentis
643 4038 764 4079 morem
783 4029 901 4080 astutos
923 4017 1018 4079 video
1040 4019 1098 4079 ltos
1117 4018 1176 4078 fin·

161 4140 255 4201 gere,
277 4131 306 4179 et
328 4118 435 4183 ludere
455 4119 622 4183 admodum
644 4119 762 4200 perite,
784 4120 839 4202 qui
858 4123 950 4198 plane
964 4116 1085 4197 indigui
1104 4127 1177 4178 sunt

163 4219 344 4292 Germania,
378 4219 437 4281 nisi
469 4220 634 4282 confestim
660 4231 781 4283 nudent
800 4240 921 4291 mores,
958 4238 1029 4278 nam
1063 4215 1178 4279 infame

163 4319 299 4381 reddunt
318 4338 433 4381 nomeu
453 4321 533 4395 hoc,
554 4322 755 4402 etantiqnum
771 4320 986 4382 claritudinem
1000 4317 1179 4380 obscurant.
