2632 5086
340 756 446 833 'frisa
469 756 638 849 Romana
660 756 847 857 Dialogus.
1034 768 1101 837 sot

85 952 212 1035 reliquit
236 951 375 1034 gladium
399 950 525 1033 spiritus
553 950 668 1028 saneti,
700 952 790 1035 quod
814 963 862 1013 est
879 952 1014 1015 verbum
1031 952 1105 1017 Dei.

86 1053 228 1114 Proinde
260 1052 366 1135 gladio
397 1053 609 1132 percutiatur,
643 1051 700 1133 qui
725 1052 861 1130 percutit
887 1050 1010 1135 gladio,
1043 1056 1105 1117 hoe

87 1151 230 1215 Christus
251 1150 339 1214 faxit.
378 1155 451 1235 Ego
480 1154 563 1215 inter
583 1162 629 1211 tot
655 1163 816 1215 consertas
841 1154 873 1214 in
894 1154 980 1216 urbis
999 1176 1104 1220 mores

86 1250 217 1323 triados,
246 1252 304 1313 tria
335 1253 409 1314 item
427 1254 505 1314 maia
523 1253 683 1331 imprecor
705 1252 878 1315 colluvioni
898 1254 965 1328 isti,
997 1257 1028 1317 id
1057 1268 1105 1319 est

85 1355 172 1424 orbis
193 1354 396 1431 corruptelae,
427 1364 459 1412 et
479 1351 605 1431 publico
625 1353 789 1434 contagio:
816 1353 1038 1433 pestilentiam,
1058 1355 1105 1419 fa·

84 1476 183 1529 mem,
204 1454 385 1528 othelium,
407 1464 500 1536 utalaae
521 1455 585 1513 hoe
604 1472 671 1514 mea
693 1452 767 1515 trias
787 1464 868 1515 esto.

493 1555 745 1615 Huttem·
808 1602 816 1615 .

157 1653 292 1736 Alioqui
311 1652 410 1713 tribus
429 1642 565 1716 erat'itta
584 1652 702 1714 morbis
723 1653 881 1731 obnoxia,
901 1654 1105 1719 dieenteVa·

82 1756 188 1817 disco:
210 1751 310 1825 febri,
332 1753 525 1833 paupertati,
546 1764 577 1813 et
592 1751 707 1815 fraudi.

498 1853 689 1916 Eruhofd.

157 1953 339 2019 l'ecutiures
369 1962 442 2014 sunt
472 1954 519 2014 tue
545 1953 632 2017 urbis
658 1965 788 2035 pestes,
822 1965 854 2016 et
883 1973 943 2016 nos
975 1954 1105 2039 ‹prirlam

82 2063 249 2135 paupertas
263 2052 375 2113 acriter
392 2052 434 2113 ibi
451 2064 614 2132 correptos
627 2054 753 2129 habuit,
773 2054 872 2116 febris
887 2054 980 2141 etiam
998 2058 1104 2133 semel,

82 2167 134 2217 ant
163 2157 294 2227 iterum,
333 2152 447 2216 fraude
480 2175 559 2215 vero
590 2154 755 2216 familiares
788 2154 943 2236 quosdam
975 2167 1104 2221 nostros

81 2255 194 2338 periuri
216 2274 332 2336 magno
353 2253 557 2316 cumdolore
577 2252 724 2317 vidimus.

508 2354 673 2417 Ilutten.

155 2454 218 2517 Sed
238 2466 270 2516 et
298 2454 356 2515 alia
375 2451 434 2514 tria
453 2432 717 2516 commemorabat
735 2454 823 2517 urbis
842 2455 938 2518 mala:
970 2475 1102 2519 annona

82 2554 261 2628 ear-itatem,
281 2554 460 2633 perfidiam,
479 2564 510 2614 ot
527 2552 591 2614 caeti
612 2552 840 2634 intemperiem.

502 2654 691 2715 Ernhoid.
730 2728 741 2743 ι

156 2753 219 2832 Qui
240 2750 344 2815 omnia
362 2750 454 2813 facite
474 2754 741 2828 excommunicat,
762 2764 794 2815 et
811 2756 843 2818 in
864 2757 954 2818 cretos
973 2756 1103 2838 pariter,

80 2875 117 2917 ae
133 2864 246 2915 terram
266 2851 317 2932 jus
336 2852 429 2915 habet
447 2854 610 2933 pontifex,
630 2873 687 2915 cnr
706 2872 772 2915 non
792 2856 937 2917 exturbat
949 2858 1014 2917 hare
1028 2857 1102 2921 inde

80 2956 176 3029 mata,
207 2965 238 3015 et
262 2954 421 3033 publicum
447 2954 550 3015 aufert
569 2952 769 3031 contagium,
799 2973 834 3013 ae
855 2952 984 3017 morbos
1010 2976 1101 3019 aver·

78 3054 137 3115 tit?
172 3063 225 3114 aut
246 3052 324 3135 qnid
343 3053 375 3115 in
395 3053 509 3115 animas
529 3052 691 3115 hominum
706 3050 865 3131 jussuum
879 3052 989 3129 jactat,
1010 3053 1098 3136 prius

80 3175 175 3239 quam
193 3154 226 3215 in
247 3174 384 3234 corpora
402 3153 572 3216 ostendat?

510 3256 677 3318 Hutten.

153 3355 267 3417 Posset
285 3357 346 3416 hoc
366 3352 495 3436 quidem
514 3353 638 3429 faeere,
659 3354 684 3415 si
705 3354 764 3417 tale
790 3352 959 3437 quiequam
978 3358 1117 3434 posset,'

79 3475 190 3514 verrnn
207 3454 251 3514 sie
267 3453 310 3515 ibi
331 3451 496 3533 jocabatur
507 3453 682 3530 Vadiseus,
701 3455 760 3517 tria
772 3452 1046 3517 excommunicare
1059 3454 1099 3519 ab

78 3575 112 3615 se
136 3556 245 3612 nrbnn
267 3555 420 3615 Romam:
442 3564 628 3637 egestatem,
653 3554 841 3637 primitivam
863 3555 1043 3632 ecetesiam,
1066 3559 1098 3619 et

77 3653 144 3713 reri
164 3650 427 3733 praedicationem.

478 3754 684 3817 Erntrotd.

153 3853 194 3911 Et
212 3848 356 3929 pietatem
375 3851 473 3913 eredo
487 3874 630 3927 omnem,
649 3866 745 3937 atrpre
763 3875 856 3917 omne
871 3853 935 3929 fas,
959 3865 990 3915 et
1009 3852 1098 3934 quie.
1181 3920 1192 3939 .

78 3951 155 4033 quid
178 3949 321 4012 Christus
341 3950 450 4014 docuit
470 3955 632 4017 exclusum
652 3957 763 4031 uellet,
783 3955 870 4018 utin
890 3954 1029 4018 omnium
1048 3975 1096 4017 se·

78 4072 153 4112 cure
174 4052 327 4113 scelerum
346 4049 471 4115 licentia
490 4069 648 4135 regnaret.

501 4154 681 4217 Hutten.

154 4249 217 4311 Sed
244 4249 306 4329 jam
331 4248 364 4313 in
388 4253 514 4315 multam
538 4254 619 4317 odeo
649 4265 773 4318 rroetem
798 4257 972 4331 evasimus,
1007 4265 1038 4317 et
1064 4264 1095 4315 te

81 4345 207 4425 ‹pridem
225 4353 386 4413 tnauredo
406 4374 490 4416 uxor
502 4366 665 4433 expectat,
684 4377 735 4418 me
747 4358 906 4430 Stromer,
925 4356 1095 4438 quisolum
