2632 5086
7 38 922 305 -”“
532 243 535 246 ’
957 242 1034 302 -

522 740 698 841 Epistola.
1078 752 1121 825 pp

91 951 129 991 ac
153 933 197 992 de
219 951 292 993 meo
327 931 456 1015 incepto
485 944 522 996 ut
547 935 660 998 melius
691 935 882 1012 omineris,'
895 947 927 999 et
951 957 1001 999 me
1026 955 1124 1019 agera

93 1032 211 1114 aliquid
234 1031 342 1108 sinas,
379 1034 427 1096 bis
454 1033 562 1110 annis,
593 1038 655 1098 hoc
686 1036 720 1098 in
746 1039 845 1112 flore,
884 1039 936 1099 vel
961 1038 1123 1101 bominum

95 1131 248 1211 opinionis
279 1133 388 1196 habita
411 1134 550 1209 ratione3
582 1138 636 1219 qui
664 1159 770 1201 meum
796 1141 858 1201 boc
878 1140 977 1201 otium
997 1139 1123 1203 sinistre
1217 1153 1221 1161 '

96 1235 196 1294 volent
222 1234 446 1316 interpretari,
480 1236 506 1299 si
539 1257 699 1318 capessam
725 1251 796 1300 ante
825 1251 968 1320 tempm:
1000 1260 1122 1322 quum,

95 1335 206 1396 etiantsi
235 1335 408 1419 quiescere
435 1336 614 1414 instituam,
648 1339 681 1401 id
706 1340 811 1402 multis
830 1341 871 1401 de
891 1339 1011 1415 causis,
1045 1360 1124 1424 qua·

90 1458 153 1497 mm
173 1436 237 1498 tibi
263 1436 322 1497 vix
351 1438 452 1519 capita
477 1441 632 1520 exposui,
663 1441 719 1501 vix
745 1444 1013 1503 nomenclaturam
1038 1440 1120 1517 leci,

90 1558 147 1598 non
167 1538 309 1618 possim.
355 1541 425 1621 Age
453 1560 533 1601 vero
562 1540 744 1615 considera,
778 1540 821 1603 mi
839 1541 1010 1617 Bilibalda,
1043 1542 1122 1625 quid

85 1637 176 1699 alium
198 1639 362 1722 aliquem,
397 1650 429 1700 et
456 1658 507 1701 me
535 1640 613 1723 quid
640 1642 760 1703 deceat.
808 1642 877 1703 Jam
897 1641 973 1702 illud
995 1644 1121 1703 Senecas

84 1760 179 1822 qiam
207 1760 281 1800 non
303 1739 543 1823 negligendum:
574 1741 616 1800 Et
641 1738 839 1823 quiescenti,
869 1740 989 1822 inquit,
1026 1762 1122 1827 agen·

84 1839 178 1912 dum,
220 1850 253 1899 et
285 1838 390 1916 agenti
427 1828 664 1922 quiescendum.
722 1842 827 1903 Porro
856 1841 928 1923 quis
958 1840 1034 1901 velit
1061 1842 1123 1904 boc

84 1951 234 2020 tempore
264 1938 378 2000 imitari
404 1950 529 2003 veteres
556 1941 624 2004 illos
646 1941 785 2016 Stoicos,
816 1962 957 2004 aremm
979 1942 1119 2017 actibus,

82 2053 237 2124 tanquam
264 2062 283 2103 a
310 2040 380 2101 vitae
411 2042 546 2123 quadam
572 2053 682 2121 peste,
716 2041 929 2119 refugientes,
963 2053 1000 2102 ut
1025 2062 1059 2104 se
1087 2041 1121 2104 iu

81 2141 281 2222 profundam
300 2141 382 2204 illam
401 2152 434 2201 et
452 2141 682 2206 infructuosam
703 2142 842 2225 quietem
861 2163 927 2202 non
947 2142 1122 2205 abscondat

80 2253 224 2319 tantum,
269 2242 328 2304 sed
354 2241 498 2304 defodiat
532 2242 651 2305 etiam?
694 2254 748 2304 aut
782 2264 853 2306 cum
883 2243 1072 2325 quibusdam
1087 2244 1119 2318 ¹³)

85 2343 204 2405 sentire
223 2342 300 2426 quis
320 2354 445 2424 posset,
466 2343 549 2404 circa
568 2344 780 2424 Philosophiae
800 2342 940 2404 studium
960 2342 1120 2404 insanien-

87 2442 170 2505 tibus
189 2441 356 2522 Cynicis?
394 2444 551 2506 Praeterea
581 2455 628 2510 tot
656 2444 798 2507 onmium
825 2440 974 2504 ordinum
996 2441 1120 2521 optimis

87 2542 153 2623 spei
172 2544 331 2624 juvenes,
360 2547 495 2629 aequales
514 2566 625 2620 meos,
656 2546 740 2608 circa
759 2542 868 2627 gloriae
890 2553 1046 2626 quaestum
1064 2543 1121 2605 de·

84 2648 202 2710 sudare
215 2666 317 2730 quum
329 2647 455 2723 videas,
480 2657 511 2709 et
527 2646 595 2725 ipse
611 2648 660 2723 aa)
682 2658 713 2709 te
726 2645 801 2709 milti
818 2647 965 2723 exemplo
983 2642 1121 2724 praeiisse

87 2748 188 2821 seias;
227 2749 310 2809 adeo
338 2747 479 2810 ferreum
514 2768 584 2810 esse
610 2746 753 2828 jubebis,
789 2757 824 2806 ut
850 2746 936 2806 nullo
959 2756 992 2804 et
1017 2743 1121 2824 ipsum

89 2845 293 2910 minationis
312 2847 419 2910 studio
441 2848 561 2923 teneri,
582 2850 668 2909 nulla
686 2868 769 2908 verse
790 2845 891 2908 laudis
908 2843 1120 2906 adsectatione

85 2946 224 3010 inciter?
244 2949 315 3026 ³⁹⁶)
351 2950 445 3014 Tunc
472 2949 530 3012 ista
562 2962 615 3012 tua
646 2950 768 3011 erudita
799 2943 1045 3007 commonitione
1074 2943 1122 3004 uti

82 3048 244 3124 debebas,
276 3071 376 3133 quum
393 3069 492 3112 annos
515 3061 662 3131 agentem
680 3049 714 3109 in
732 3047 818 3109 ltalia
842 3065 943 3126 prope
962 3054 1119 3125 quatuor,

81 3169 117 3210 ae
149 3170 271 3232 magna
308 3149 481 3213 rectiorum
516 3150 694 3213 studiorum
734 3149 855 3225 jactura
892 3143 1122 3207 Accursianum

81 3250 284 3329 absynthium
313 3262 470 3332 perpetuo
494 3251 581 3325 Μ)
616 3259 794 3329 potantem,
833 3248 970 3327 perdere
996 3256 1120 3325 tempus

80 3350 224 3413 videres.
273 3352 337 3414 Sed
366 3364 443 3414 tunc
462 3372 527 3413 non
550 3353 596 3423 sic
622 3371 733 3423 noras,
765 3348 908 3408 nondum
935 3343 1121 3407 familiarem

80 3452 232 3514 habebas.
281 3453 424 3517 Admitto
457 3450 715 3523 excusationem,
749 3467 785 3509 ac
806 3457 837 3507 te
863 3445 980 3508 erroris
1008 3443 1103 3506 etiam

80 3552 201 3614 nedum
217 3554 334 3634 culpae,
355 3553 504 3627 absolvo,
533 3553 589 3612 ltac
605 3552 677 3632 lege
692 3550 729 3623 †)
747 3558 784 3610 ut
802 3557 836 3608 tu
853 3547 1009 3608 ulmeam
1024 3543 1117 3630 vicis,

83 3653 136 3715 siin
167 3651 391 3728 ambitionem,
439 3672 540 3715 meam
569 3649 729 3712 stultitiam
756 3643 949 3722 connivens,
995 3655 1028 3706 et
1063 3644 1115 3705 vel

85 3753 204 3835 aliquot
243 3772 343 3814 annos
373 3754 453 3815 hanc
481 3751 556 3814 milri
585 3750 734 3812 utendam
765 3749 865 3809 aulam
895 3742 1067 3826 permittis3
1102 3762 1121 3804 a

81 3853 172 3932 cujus
204 3850 326 3931 adytis,
357 3862 505 3935 tanquam
535 3849 723 3922 interdicto,
765 3847 808 3908 ita
839 3865 891 3908 me
925 3860 1119 3906 summoves.

84 3952 188 4032 Quem
203 3964 297 4017 tuum
315 3951 457 4036 rigorem
474 3950 617 4034 mitigare
636 3967 743 4033 quasa
762 3947 852 4014 velis.
890 3943 993 4008 Caute
1007 3953 1120 4005 tracta·

84 4095 252 4113 —-

115 4189 145 4250 'l
165 4193 330 4247 sellulam
349 4191 404 4237 llllt·
442 4181 488 4250 ⁴⁴)
507 4193 578 4245 tate:
599 4191 683 4247 ipsun.
720 4178 780 4241 Ψ)
798 4189 907 4233 tnstser:
925 4185 1025 4232 tncttuc
1038 4182 1119 4231 votes.

108 4272 192 4339 W)
214 4289 262 4323 '⁰¹'
277 4279 421 4333 rotantem:
448 4283 567 4331 perpetuo
592 4275 726 4330 belnense
781 4275 812 4325 υ
835 4268 896 4317 nach
919 4269 1041 4316 absolvo:
1072 4268 1121 4313 tu

112 4368 165 4422 teqe
184 4362 317 4418 helaempt.
