2632 5086
232 769 306 844 ,tat
485 759 593 837 Triss
615 703 786 836 Romana
808 759 997 864 Dialogus.

655 954 842 1019 Ernhold.

308 1057 416 1142 lpsum
435 1053 564 1141 quidem
587 1074 653 1117 non
671 1055 797 1130 audin,
818 1060 882 1119 hac
901 1057 985 1136 vidi,
1006 1071 1038 1123 et
1055 1062 1209 1146 cognovi.

657 1155 835 1218 Hutten.

308 1257 439 1323 Eisdem
452 1279 535 1340 pene
550 1256 654 1320 verbis
669 1257 780 1340 agebat
796 1259 876 1334 hac,
897 1259 953 1322 ubi
965 1281 1049 1322 nunc
1061 1259 1128 1338 ille,
1142 1259 1262 1345 inquit,

229 1360 395 1435 salterrae,
410 1359 526 1442 quode
538 1358 576 1422 ad
587 1360 747 1439 apostolos
760 1358 991 1423 sermocinatur
1005 1359 1165 1424 Christus:
1186 1364 1264 1423 Vos

231 1460 307 1524 estis
324 1463 368 1524 sal
386 1471 495 1534 terre,
513 1459 602 1540 quod
621 1458 649 1521 si
668 1460 711 1526 sal
724 1459 903 1535 evanuerit,
924 1460 957 1522 in
975 1481 1041 1543 quo
1054 1461 1206 1524 salietur?
1229 1460 1262 1523 Is

227 1558 293 1642 ‚jam
308 1580 376 1622 non
392 1558 536 1634 evanuit,
557 1569 589 1620 et
607 1579 667 1638 pro
683 1579 723 1620 eo
744 1559 935 1623 adulterinus
951 1559 1017 1636 hic,
1038 1562 1141 1636 nihili,
1162 1582 1198 1622 ac
1212 1564 1262 1623 l'a-

231 1671 306 1725 tuns
320 1658 565 1743 conspergitur?
585 1657 641 1742 qui
656 1679 723 1721 non
738 1670 859 1741 tempus
873 1671 938 1734 cst,
956 1672 992 1721 ut
1007 1662 1143 1724 mittatur
1156 1662 1260 1734 foras,

228 1773 263 1838 et
279 1760 485 1824 conculcetur
503 1760 543 1823 ab
564 1758 765 1822 hominibus?
791 1761 966 1823 Facultates
985 1774 1105 1837 autem,
1125 1785 1199 1826 cum
1219 1765 1261 1827 sit

228 1864 282 1925 illa
299 1861 342 1925 de
356 1880 420 1944 qua
439 1860 607 1940 pauloante
619 1880 660 1920 ex
678 1859 818 1921 Vadisco
836 1863 946 1937 retuli,
967 1858 1135 1926 aslrrclan'a
1150 1867 1260 1929 omnia

227 1958 439 2044 perpetranda
455 1957 584 2023 licentias
599 1959 770 2040 irrogatio,
791 1971 895 2022 tamen
911 1962 952 2023 ds
971 1964 1054 2025 sacili
1068 1965 1199 2038 dantur,
1221 1990 1257 2028 ac

229 2082 330 2143 saepe,
356 2070 389 2122 et
408 2059 522 2122 crabro
544 2059 677 2132 dantur,
709 2061 766 2121 sed
789 2060 879 2140 prius
906 2062 1034 2144 quidem
1058 2063 1138 2126 intra
1165 2068 1257 2130 urbis

228 2172 317 2242 septa
342 2157 602 2232 continebantur,
632 2159 686 2219 ubi
712 2160 891 2241 quaerebant
912 2182 983 2237 eos,
1010 2162 1066 2244 qui
1092 2166 1255 2237 volebant,

226 2282 348 2349 nuper,
368 2259 442 2344 quia
461 2279 527 2321 non
546 2258 619 2321 satis
638 2258 727 2320 multi
745 2259 792 2320 ire
813 2261 962 2333 Romam,
985 2274 1017 2322 ut
1039 2279 1254 2328 mercarentur
1288 2331 1302 2354 Ι

227 2362 428 2442 hujusmodi,
459 2358 664 2433 videbantur,
691 2371 854 2440 cooperunt
872 2363 997 2423 mittere
1026 2366 1160 2442 legatos.
1196 2367 1252 2441 Hi,

227 2462 333 2548 siquid
353 2483 412 2545 per
430 2459 571 2532 divinas,
601 2469 655 2520 aut
679 2460 828 2522 humanas
850 2462 936 2543 leges
957 2463 1058 2527 minus
1078 2464 1168 2542 licet,
1191 2489 1253 2547 pro

226 2562 363 2646 pecunia
375 2558 552 2642 indulgent.
580 2559 637 2620 Hae
647 2559 809 2622 facultates
822 2573 992 2638 vocantur,
1006 2575 1040 2625 ut
1052 2567 1153 2648 siquis
1164 2570 1251 2632 vesci

225 2661 373 2726 carnibus
386 2658 564 2723 animalium
579 2658 692 2722 diebus
705 2658 900 2740 jejuniorum
913 2665 1004 2740 velit,
1025 2677 1077 2727 aut
1090 2671 1186 2746 lacte,
1199 2676 1252 2738 sel

227 2762 314 2839 ovis,
333 2772 387 2823 aut
406 2760 544 2841 butyro,
566 2761 616 2820 vel
636 2759 735 2843 siquis
757 2759 864 2836 vovit,
889 2761 981 2843 cujus
1001 2788 1073 2829 eum
1092 2769 1250 2848 poenituit,

226 2874 259 2926 et
277 2861 345 2923 vtrlt
362 2880 457 2941 posse
472 2881 539 2924 non
558 2861 711 2935 reddere,
735 2870 785 2921 aut
804 2860 903 2942 siquis
920 2863 1052 2943 juravit,
1073 2871 1163 2951 quod
1183 2897 1253 2938 scr.

225 2982 303 3025 vare
326 2979 424 3044 grave
448 2962 509 3037 sit,
540 2963 590 3023 vel
610 2981 745 3023 uxorem
773 2970 878 3039 petat,
906 2984 1000 3045 qulam
1028 2966 1147 3034 ducere
1175 2995 1252 3041 eum

225 3063 313 3146 leges
338 3072 467 3137 vetent,
498 3071 530 3124 et
548 3071 584 3122 ut
608 3060 708 3141 possit
733 3059 804 3143 quis
824 3060 936 3144 viginti
958 3069 1150 3148 sacerdotia,
1181 3096 1253 3158 quas

224 3174 334 3228 curata
367 3174 542 3234 uocantur,
585 3161 721 3233 habere,
755 3181 814 3223 nec
847 3182 917 3225 esse
949 3180 1051 3228 tamen
1084 3173 1252 3254 presbyter

226 3264 327 3347 (quod
352 3259 441 3345 piget
460 3262 591 3334 multos,
620 3280 656 3320 ac
675 3260 773 3341 pudet
793 3261 902 3338 ctiam,
929 3263 962 3326 in
982 3266 1151 3336 Germania
1170 3298 1253 3355 prae-

224 3364 350 3438 sertim,
377 3381 465 3425 sacra
484 3361 603 3434 lacere)
631 3359 776 3440 alegatis
795 3363 920 3426 emitur.
960 3370 1051 3449 Quos
1073 3392 1144 3437 cum
1170 3380 1250 3444 tales
1285 3424 1291 3437 .

224 3464 305 3540 sint,
332 3461 388 3526 ubi
416 3460 585 3540 recipimus
613 3461 686 3535 hic,
712 3460 796 3524 aliud
826 3462 974 3543 iacimus,
1007 3493 1100 3552 quam
1120 3477 1249 3548 fatalem

224 3565 310 3629 illum
329 3570 464 3648 equum,
483 3577 517 3623 et
535 3562 672 3623 inclusos
686 3572 778 3624 utero
793 3561 936 3643 Danaos,
957 3591 1027 3636 cum
1040 3576 1121 3640 intra
1135 3561 1246 3648 muros

117 3744 120 3751 Ι
223 3687 316 3742 suos,
336 3675 369 3728 ct
388 3664 422 3726 in
435 3681 511 3725 arce
531 3663 687 3723 collocant
708 3662 849 3743 Trojam'.

634 3762 817 3828 Hutten.

298 3863 387 3928 lulem
409 3859 558 3939 tacimus,
589 3867 645 3930 sed
676 3871 806 3950 amplius
831 3871 941 3935 mundi
967 3876 1065 3956 liunt,
1091 3897 1124 3944 et
1150 3882 1247 3949 iuno·

224 3974 331 4027 sentes
351 3983 369 4025 a
387 3964 519 4045 peccatis
542 3969 674 4031 malefici
689 3988 817 4042 omncs,
838 3974 930 4037 etiam
950 3976 977 4038 si
995 3980 1146 4044 occiderit
1173 3994 1248 4068 quis

222 4065 404 4138 hominem,
428 4077 491 4133 ,aut
521 4080 644 4147 patrem
672 4070 771 4153 siquis
800 4074 973 4154 occiderit,
1004 4083 1055 4142 rel
1081 4087 1170 4165 quod
1195 4089 1247 4153 his

222 4163 362 4227 deterius
382 4178 446 4243 est,
476 4166 592 4252 siquis,
619 4173 772 4234 suadente
792 4170 935 4251 diabolo,
961 4181 1109 4244 clericum
1129 4188 1249 4250 verbe·

222 4266 359 4340 raverit,
384 4276 437 4328 aut
457 4269 545 4331 matri
573 4267 689 4354 siquis,
716 4275 765 4334 vel
788 4276 907 4350 sorori,
935 4297 987 4340 aut
1011 4281 1078 4342 tiliae
1099 4295 1247 4365 stuprum

222 4363 375 4439 intulerit,
394 4383 447 4431 aut
467 4388 588 4431 summo
615 4373 686 4433 loco
706 4375 1011 4443 excommunicatum
1030 4383 1153 4466 siquem
1172 4409 1248 4453 esse.
