2632 5086
206 756 279 835 450
465 754 571 829 Trina
593 746 764 830 Romam
783 746 973 854 Dialogus.

207 948 395 1031 evangelice
414 944 581 1020 doctrine,
608 947 643 1008 in
660 962 798 1023 summa,
820 944 1087 1031 quamtaritatis.
1125 944 1235 1010 Porro

207 1048 337 1131 qtsando
355 1047 509 1132 cogitavit
527 1048 589 1109 boe
600 1043 767 1120 Christus,
792 1056 829 1109 ut
845 1047 983 1130 aliquem
1000 1057 1073 1129 post
1091 1049 1237 1111 serelin-

207 1156 337 1234 queret,
367 1148 424 1232 qui
441 1147 626 1230 posthabitis
647 1143 897 1211 institutionibus
915 1147 956 1210 ab
974 1167 1009 1208 se
1028 1147 1167 1224 traditis,
1196 1169 1237 1211 aa

205 1248 301 1312 vitam
316 1258 471 1331 sequutus
490 1247 618 1311 minime
630 1243 854 1321 Christianam,
875 1246 1181 1324 condonationibus,
1201 1260 1237 1311 et

203 1345 776 1414 bullistemarumorbemdivexaret?
795 1357 849 1409 aut
859 1366 932 1409 oum
942 1349 1115 1412 animarum
1125 1359 1237 1429 pastor

204 1452 244 1515 ait
262 1447 429 1530 pontifex,
447 1447 526 1533 quid
547 1457 674 1529 oportet
690 1446 804 1508 bullam
820 1446 991 1530 obsignare
1005 1449 1053 1526 ei,
1072 1451 1237 1512 nativitem

202 1548 344 1625 dederit,
364 1560 419 1613 aut
432 1550 541 1630 celum
554 1548 607 1610 eui
621 1545 761 1621 dederit,
780 1566 854 1611 eum
870 1547 903 1610 in
917 1551 1049 1633 negotio
1062 1550 1238 1612 animarum

203 1672 312 1735 neque
325 1649 423 1714 literis
437 1668 519 1732 opus
532 1647 590 1723 sit,
606 1665 713 1729 neque
727 1645 854 1711 aliunde
867 1648 1027 1727 producto
1039 1649 1237 1726 testimonio,

205 1752 328 1816 aedsua
339 1748 456 1835 cuique
467 1747 676 1823 conscientia,
690 1767 760 1830 quaa
770 1747 843 1811 Deo
854 1759 991 1823 constat,
1004 1770 1110 1832 neque
1120 1751 1237 1813 indicis

203 1863 280 1937 eget
299 1852 384 1935 apud
402 1854 606 1915 humanarum
622 1847 851 1928 cogitationum
870 1850 1114 1929 exploratorem.
1147 1853 1237 1932 Quid

207 1973 281 2017 oum
299 1951 515 2036 praestantibus
537 1960 638 2011 autom
660 1945 753 2031 equis
774 1946 892 2011 Christi
916 1949 1063 2024 vicariis,
1091 1971 1165 2013 cum
1183 1953 1237 2014 ille

206 2052 385 2118 deformem
405 2052 501 2112 semel
521 2048 643 2111 asinum
663 2046 905 2111 conscenderit?
934 2069 973 2109 an
995 2049 1069 2132 quin
1093 2055 1237 2133 gerenda

205 2151 313 2217 betta?
350 2153 394 2213 At
418 2153 483 2214 hee
507 2147 559 2213 ille
578 2146 812 2221 detestabatur,
844 2158 876 2209 et
897 2145 1152 2232 tranquillitatem
1171 2174 1237 2215 am·

205 2254 319 2337 plexus
342 2261 409 2327 est,
430 2268 606 2330 pacemque
627 2249 741 2319 suasit,
768 2257 801 2306 ot
819 2244 889 2327 ejus
909 2250 1050 2312 studium
1069 2251 1108 2314 ad
1127 2266 1237 2332 poste·

204 2371 261 2417 ros
277 2370 411 2437 quoque
425 2343 605 2424 transmisit,
637 2350 736 2428 Quam
752 2357 800 2409 est
814 2348 951 2411 alienum
964 2362 1069 2414 autem
1082 2373 1100 2413 a
1114 2349 1237 2416 Christi

205 2452 371 2528 instituto,
401 2468 506 2514 amare
532 2447 636 2529 primo
655 2448 728 2509 loco
748 2446 913 2524 mulieres,
944 2462 1068 2513 etcum
1091 2453 1237 2516 meretrh

132 2578 135 2585 ⁴
205 2554 295 2616 cibus
326 2547 504 2624 libidinari,
537 2567 595 2609 eos
629 2546 821 2625 praesertim,
853 2569 936 2630 quos
970 2549 1021 2613 ille
1048 2571 1091 2612 ex
1122 2555 1235 2634 spiritu

204 2653 318 2719 vivere
337 2651 458 2724 voluit,
479 2658 511 2710 et
531 2645 647 2730 quibua
667 2664 708 2707 ne
721 2645 755 2708 in
772 2647 972 2711 matrimonio
990 2651 1236 2734 quidemcarnis

204 2754 400 2832 voluptatem
412 2748 486 2810 satis
503 2746 652 2821 indulsit,
678 2748 728 2807 vel
748 2746 868 2809 idcireo
889 2747 1049 2833 conjugiis
1068 2752 1238 2817 interdixit

204 2849 385 2915 sacerdotio
410 2847 515 2912 ordini
545 2845 710 2919 Callistus,
738 2857 773 2908 ut
791 2846 867 2908 solis
886 2848 995 2914 liceret
1016 2853 1238 2917 sacerdotibus

205 2950 357 3027 scortari,
386 2960 420 3013 et
445 2959 590 3013 assncto
611 2945 811 3008 matrimonio
839 2944 879 3008 sd
898 2948 1108 3033 turpissimam
1132 2974 1238 3017 mere·

204 3049 402 3115 triestioneur
420 3048 558 3131 spiritale
574 3047 693 3110 rediret
711 3045 899 3128 negotium?

635 3195 806 3257 Hutten.

208 3288 224 3319 '¹
281 3314 345 3381 Sed
365 3312 499 3390 addidit,
520 3311 578 3377 tria
591 3330 660 3373 osse
676 3309 836 3393 frequenti
856 3313 888 3379 in
906 3335 966 3380 usu
986 3312 1114 3409 quae:
1135 3320 1237 3382 carnis

207 3416 420 3501 voluptatem,
444 3414 580 3477 vestium
601 3410 777 3487 luxuriam,
806 3427 837 3476 et
857 3417 1034 3481 animorum
1055 3417 1183 3481 fastum.

623 3550 821 3620 Ernhold.

282 3660 438 3729 Proiecto
462 3663 604 3728 exercita
627 3678 702 3728 sunt
728 3668 793 3729 hec
821 3663 883 3741 ibi,
912 3660 969 3726 sed
986 3661 1150 3727 libidinem
1169 3682 1237 3730 non

206 3770 329 3829 tantum
362 3764 480 3828 babent
504 3766 615 3827 Romae
641 3766 770 3829 vivendi
789 3766 920 3840 ducem,
952 3765 1158 3828 verumetiam
1183 3787 1238 3828 va·

206 3866 351 3931 rietatem
370 3867 564 3948 exquirunt,
597 3867 761 3949 mirosque
786 3864 856 3947 ejus
883 3865 1015 3941 modos,
1047 3876 1080 3927 et
1097 3876 1239 3928 monstra

208 3965 303 4029 etiam
326 3963 510 4043 inveniunt,
538 3967 600 4043 ita,
629 3978 663 4029 ut
681 3967 758 4031 nihil
784 3966 870 4030 dicas
893 3977 1038 4028 veterum
1062 3967 1131 4028 illos
1151 3966 1237 4047 spin-

207 4066 301 4143 trias,
322 4077 410 4128 certe
428 4067 629 4148 simpliciter,
657 4079 689 4132 et
708 4067 882 4132 seeundum
905 4077 1048 4128 naturam
1066 4064 1238 4143 libidinosi,

209 4168 261 4227 vel
290 4184 333 4226 ex
364 4169 596 4230 consuetudine
632 4177 856 4242 contemnunt,
886 4167 1091 4229 rusticitatem
1118 4188 1238 4247 expro-

209 4262 353 4343 brantes,
374 4282 473 4351 quare
492 4268 586 4335 etiam
605 4290 644 4341 ea
662 4267 929 4341 numerarium,
958 4288 1028 4349 que
1046 4267 1172 4330 referre
1186 4268 1237 4330 hin

210 4385 271 4431 nos
290 4367 401 4447 pudet.
