2632 5086
324 1346 504 1447 Apologia
528 1347 575 1418 ad
600 1346 747 1419 Petrum
775 1347 821 1419 de
846 1348 986 1424 Autisas.

31 1752 45 1769 ⁹
146 1714 225 1832 Qui
245 1746 421 1807 retuterunt
443 1742 542 1817 mihi,
568 1742 737 1827 Diatogmn
752 1745 930 1827 quemdam
956 1768 1078 1821 meum,
1116 1753 1168 1815 cui

143 1847 250 1910 titulus
265 1859 311 1909 est
323 1843 548 1919 Phalarismus,
562 1866 632 1905 esse
648 1842 702 1905 abs
721 1854 751 1905 te
769 1844 799 1905 in
817 1846 890 1907 forn
905 1847 1165 1929 Vireeburgeusi,

142 1946 346 2028 presentibus
364 1942 467 2006 multis
487 1955 519 2006 et
542 1943 634 2004 elaris
659 1943 859 2021 homiuibus,
886 1970 950 2008 nou
975 1949 1053 2011 eitra
1072 1954 1168 2013 mule-

140 2047 257 2108 (iictum
276 2048 307 2107 in
329 2066 396 2116 me,
419 2043 582 2125 librosque
605 2064 694 2105 ineos
712 2044 919 2125 discerptum,
940 2054 1019 2111 mate
1036 2054 1168 2129 vnienut,

139 2146 166 2209 si
183 2167 247 2207 nou
262 2166 347 2206 mera
363 2145 498 2224 primum
511 2156 647 2205 monstra
663 2145 807 2208 nuntiare
822 2148 880 2210 visi
892 2162 977 2212 sunt.
1010 2153 1126 2235 Neque
1137 2157 1167 2229 ¹)

138 2247 207 2310 sere
225 2258 260 2308 ut
275 2247 455 2317 crederem,
478 2245 591 2306 adduci
607 2244 797 2323 potuissent.
819 2251 877 2310 nisi
892 2261 925 2310 tu
943 2252 968 2310 F
970 2254 1167 2318 rancoiurdii

139 2368 261 2430 nuper,
285 2369 356 2409 curn
376 2356 407 2409 te
429 2367 465 2409 en
486 2368 581 2425 super
604 2368 638 2406 re
659 2347 900 2423 curweuisseru,
922 2352 1038 2413 factum
1059 2355 1165 2418 abste

140 2450 208 2531 ipse
225 2449 392 2517 confectus
420 2467 516 2521 esses,
557 2446 643 2526 Quid
668 2446 769 2509 (ticam
794 2449 908 2527 prius?
935 2463 987 2513 aut
1010 2454 1089 2535 quid
1109 2477 1167 2536 po·

139 2549 277 2613 steritu?
316 2550 384 2610 imo
412 2546 593 2629 veroquid
619 2548 750 2610 omuino
776 2549 904 2611 ticam?
946 2553 1014 2613 Huc
1036 2575 1088 2617 rue
1112 2555 1165 2617 ahs

138 2662 168 2709 te
191 2660 252 2711 tarn
273 2648 370 2709 atroci
393 2647 518 2711 onerari
539 2644 670 2726 injuria,
695 2648 822 2711 homine
846 2652 987 2727 Franco,
1008 2665 1040 2713 et
1057 2668 1165 2737 equite

137 2748 315 2823 Germano,
329 2747 445 2811 deiude
456 2769 515 2824 eo,
537 2769 602 2830 quo
613 2748 656 2811 de
669 2747 744 2811 milri
758 2751 922 2831 magnifica
937 2764 968 2813 et
982 2753 1167 2819 amicissima

137 2869 261 2930 semper
296 2849 401 2912 omnia
433 2848 582 2931 promisi;
620 2868 716 2932 quern
744 2852 828 2913 nulii
869 2874 1007 2936 unquam
1044 2857 1167 2919 offensi

137 2950 316 3025 eommovi3
373 2952 501 3035 quicum
540 2952 624 3014 nuile
658 2950 797 3015 simultas
832 2951 1029 3030 intercessit;
1070 2978 1165 3039 quum

132 3053 225 3117 unici
247 3065 279 3114 et
294 3054 342 3130 ”i
362 3051 534 3139 propinqui
557 3052 619 3113 mei
644 3058 763 3115 summat
784 3075 910 3137 semper
929 3057 1164 3135 benevolentia,

135 3167 167 3220 et
188 3155 372 3219 liberalitate
390 3156 452 3229 m)
472 3155 725 3217 demeruerunt?
756 3155 868 3237 Quid?
888 3159 977 3239 quod
996 3159 1029 3219 in
1048 3180 1090 3222 eo
1109 3180 1166 3221 ne·

133 3256 242 3336 gotio,
260 3255 292 3316 in
310 3275 376 3337 (pto
387 3252 516 3317 minime
526 3252 682 3329 debebas,
699 3255 779 3317 hauc
794 3255 915 3319 familie
929 3269 1064 3335 uostrae,
1084 3261 1164 3322 haue

133 3355 261 3437 generi,
282 3375 319 3415 ae
338 3354 458 3416 nomini
476 3352 650 3417 Hutteuieo
670 3357 807 3420 securim
827 3356 994 3419 inflixisti?
1033 3362 1164 3423 Etcum

131 3455 325 3540 permaxima
350 3454 411 3518 sint
440 3452 601 3517 Ludoviei
626 3456 769 3517 senisse
796 3459 971 3520 necessaria
992 3459 1024 3520 in
1050 3472 1082 3522 te
1107 3461 1166 3523 be·

134 3557 265 3632 noticia,
287 3555 379 3619 ullius
400 3555 512 3616 favore
530 3554 678 3631 adnecti,
697 3559 789 3621 uttius
810 3559 843 3622 ri
862 3580 897 3620 ae
917 3561 1058 3640 potentia
1075 3562 1163 3645 cogi,

133 3672 187 3724 aut
209 3660 427 3741 alitercuuque
453 3653 568 3718 adduci
587 3668 698 3736 potes,
721 3671 755 3719 ut
779 3659 850 3740 ejus
872 3683 996 3723 causum
1021 3682 1088 3723 non
1105 3660 1164 3723 de·

136 3782 220 3825 seras
242 3761 356 3834 modo,
390 3759 446 3821 sed
472 3758 638 3838 impugnes
664 3758 784 3821 etiam?
821 3761 887 3824 Aut
914 3783 984 3824 cum
1004 3762 1072 3824 talis
1099 3762 1166 3825 hue

134 3863 196 3937 sit,
223 3873 258 3923 ut
282 3881 347 3922 uon
375 3860 588 3921 Hutteuonun
608 3859 727 3941 nugis,
754 3882 849 3943 quam
875 3862 973 3925 totius
1000 3865 1159 3946 equestris

135 3963 254 4026 ordinis
269 3961 392 4022 censeri
407 3959 536 4034 debeat,
556 3959 588 4021 iu
604 3980 707 4041 eaque
725 3964 945 4046 persequenda
962 3964 1046 4026 haud
1060 3964 1161 4040 aliter,

132 4085 167 4131 ,te
202 4063 334 4145 puhlicae
363 4058 516 4140 alicujus,
555 4072 586 4123 et
612 4062 704 4140 plane
735 4063 910 4125 communis
939 4061 1062 4143 injurie
1094 4065 1164 4127 vin·

131 4164 247 4231 dietam
274 4163 425 4225 rmiverss
445 4182 546 4244 prope
569 4160 715 4225 nobilitas
741 4162 934 4245 susceperit,
961 4176 996 4227 tu
1014 4164 1165 4230 iuventus

167 4394 197 4457 ⁸)
215 4404 261 4451 N:
278 4414 302 4450 n.
338 4394 383 4464 0‘)
400 4413 448 4450 ac:
466 4402 499 4449 et.
532 4391 592 4461 m)
620 4408 699 4450 ettam
710 4402 932 4451 vortemeruentnt
945 4404 1167 4451 triretrsestrirtieu.
