<?xml version="1.0" encoding="UTF-8"?>
<!DOCTYPE html PUBLIC "-//W3C//DTD XHTML 1.0 Transitional//EN"
    "http://www.w3.org/TR/xhtml1/DTD/xhtml1-transitional.dtd">
<html xmlns="http://www.w3.org/1999/xhtml" xml:lang="en" lang="en">
 <head>
  <title>
</title>
<meta http-equiv="Content-Type" content="text/html;charset=utf-8" />
  <meta name='ocr-system' content='tesseract 3.04.00' />
  <meta name='ocr-capabilities' content='ocr_page ocr_carea ocr_par ocr_line ocrx_word'/>
</head>
<body>
  <div class='ocr_page' id='page_1' title='image "./ulrichiabhutten02mngoog_0252.png"; bbox 0 0 2632 5086; ppageno 0'>
   <div class='ocr_carea' id='block_1_1' title="bbox 227 1117 1255 1713">
    <p class='ocr_par' dir='ltr' id='par_1_1' title="bbox 227 1117 1255 1713">
     <span class='ocr_line' id='line_1_1' title="bbox 229 1117 1255 1209; baseline 0.004 -16"><span class='ocrx_word' id='word_1_1' title='bbox 229 1120 285 1193; x_wconf 80' lang='lat' dir='ltr'><strong>Ad</strong></span> <span class='ocrx_word' id='word_1_2' title='bbox 298 1117 657 1194; x_wconf 81' lang='lat' dir='ltr'><strong>Reverendissimum</strong></span> <span class='ocrx_word' id='word_1_3' title='bbox 682 1119 719 1192; x_wconf 91' lang='lat' dir='ltr'><strong>in</strong></span> <span class='ocrx_word' id='word_1_4' title='bbox 738 1120 883 1193; x_wconf 86' lang='lat' dir='ltr'><strong>Christo</strong></span> <span class='ocrx_word' id='word_1_5' title='bbox 902 1118 1070 1209; x_wconf 89' lang='lat' dir='ltr'><strong>Patrem,</strong></span> <span class='ocrx_word' id='word_1_6' title='bbox 1096 1120 1255 1197; x_wconf 83' lang='lat' dir='ltr'><strong>illustris-</strong></span> 
     </span>
     <span class='ocr_line' id='line_1_2' title="bbox 230 1242 1253 1340; baseline 0.003 -24"><span class='ocrx_word' id='word_1_7' title='bbox 230 1244 360 1316; x_wconf 82' lang='lat' dir='ltr'><strong>simum</strong></span> <span class='ocrx_word' id='word_1_8' title='bbox 397 1244 607 1340; x_wconf 81' lang='lat' dir='ltr'>Principem</span> <span class='ocrx_word' id='word_1_9' title='bbox 647 1267 691 1314; x_wconf 86' lang='lat' dir='ltr'><strong>ac</strong></span> <span class='ocrx_word' id='word_1_10' title='bbox 727 1242 928 1314; x_wconf 90' lang='lat' dir='ltr'><strong>Dominum</strong></span> <span class='ocrx_word' id='word_1_11' title='bbox 966 1244 1014 1313; x_wconf 90' lang='lat' dir='ltr'><strong>D.</strong></span> <span class='ocrx_word' id='word_1_12' title='bbox 1052 1245 1253 1338; x_wconf 84' lang='lat' dir='ltr'><strong>Albertum,</strong></span> 
     </span>
     <span class='ocr_line' id='line_1_3' title="bbox 230 1362 1253 1463; baseline 0.001 -23"><span class='ocrx_word' id='word_1_13' title='bbox 230 1366 263 1440; x_wconf 88' lang='lat' dir='ltr'><strong>S.</strong></span> <span class='ocrx_word' id='word_1_14' title='bbox 302 1365 483 1438; x_wconf 85' lang='lat' dir='ltr'><strong>Romanae</strong></span> <span class='ocrx_word' id='word_1_15' title='bbox 520 1364 687 1438; x_wconf 86' lang='lat' dir='ltr'><strong>ecelesiae</strong></span> <span class='ocrx_word' id='word_1_16' title='bbox 722 1362 830 1436; x_wconf 83' lang='lat' dir='ltr'><strong>Tituli</strong></span> <span class='ocrx_word' id='word_1_17' title='bbox 864 1363 980 1436; x_wconf 87' lang='lat' dir='ltr'><strong>sancti</strong></span> <span class='ocrx_word' id='word_1_18' title='bbox 1019 1365 1253 1463; x_wconf 64' lang='lat' dir='ltr'><strong>Chrysogoni</strong></span> 
     </span>
     <span class='ocr_line' id='line_1_4' title="bbox 227 1485 1250 1587; baseline 0.001 -26"><span class='ocrx_word' id='word_1_19' title='bbox 227 1485 516 1584; x_wconf 80' lang='lat' dir='ltr'><strong>Presbyterum,</strong></span> <span class='ocrx_word' id='word_1_20' title='bbox 530 1486 677 1560; x_wconf 84' lang='lat' dir='ltr'><strong>Cardia.</strong></span> <span class='ocrx_word' id='word_1_21' title='bbox 691 1543 700 1577; x_wconf 93' lang='lat'><strong>,</strong></span> <span class='ocrx_word' id='word_1_22' title='bbox 719 1488 889 1583; x_wconf 85' lang='lat' dir='ltr'><strong>Mogont.</strong></span> <span class='ocrx_word' id='word_1_23' title='bbox 904 1496 942 1555; x_wconf 89' lang='lat' dir='ltr'><strong>ct</strong></span> <span class='ocrx_word' id='word_1_24' title='bbox 956 1485 1250 1587; x_wconf 80' lang='lat' dir='ltr'><strong>lllagdeburgen.</strong></span> 
     </span>
     <span class='ocr_line' id='line_1_5' title="bbox 324 1607 1143 1713; baseline -0.001 -31"><span class='ocrx_word' id='word_1_25' title='bbox 324 1607 662 1706; x_wconf 84' lang='lat' dir='ltr'><strong>Archicpiscopum.</strong></span> <span class='ocrx_word' id='word_1_26' title='bbox 687 1607 898 1713; x_wconf 77' lang='lat' dir='ltr'><strong>Principem</strong></span> <span class='ocrx_word' id='word_1_27' title='bbox 921 1607 1143 1681; x_wconf 85' lang='lat' dir='ltr'><strong>Electorcm.</strong></span> 
     </span>
    </p>
   </div>
   <div class='ocr_carea' id='block_1_2' title="bbox 670 1817 811 1833">
    <p class='ocr_par' dir='ltr' id='par_1_2' title="bbox 670 1817 811 1833">
     <span class='ocr_line' id='line_1_6' title="bbox 670 1817 811 1833; baseline 0 0"><span class='ocrx_word' id='word_1_28' title='bbox 670 1817 811 1833; x_wconf 38' lang='grc' dir='ltr'><strong>ἡ</strong></span> 
     </span>
    </p>
   </div>
   <div class='ocr_carea' id='block_1_3' title="bbox 212 1947 1251 4273">
    <p class='ocr_par' dir='ltr' id='par_1_3' title="bbox 218 1947 1251 3264">
     <span class='ocr_line' id='line_1_7' title="bbox 226 1947 1251 2061; baseline 0.004 -25"><span class='ocrx_word' id='word_1_29' title='bbox 226 1947 313 2043; x_wconf 85' lang='lat' dir='ltr'><strong>Hoc</strong></span> <span class='ocrx_word' id='word_1_30' title='bbox 339 1998 427 2040; x_wconf 81' lang='lat' dir='ltr'><strong>novo</strong></span> <span class='ocrx_word' id='word_1_31' title='bbox 456 1978 588 2039; x_wconf 89' lang='lat' dir='ltr'><strong>ineunte</strong></span> <span class='ocrx_word' id='word_1_32' title='bbox 610 1999 706 2053; x_wconf 79' lang='lat' dir='ltr'><strong>atino,</strong></span> <span class='ocrx_word' id='word_1_33' title='bbox 739 1979 863 2061; x_wconf 87' lang='lat' dir='ltr'><strong>nequid·</strong></span> <span class='ocrx_word' id='word_1_34' title='bbox 889 2006 907 2043; x_wconf 93' lang='lat' dir='ltr'><strong>a</strong></span> <span class='ocrx_word' id='word_1_35' title='bbox 932 2003 1043 2055; x_wconf 87' lang='lat' dir='ltr'><strong>ruore,</strong></span> <span class='ocrx_word' id='word_1_36' title='bbox 1073 1983 1105 2042; x_wconf 91' lang='lat' dir='ltr'><strong>in</strong></span> <span class='ocrx_word' id='word_1_37' title='bbox 1132 1990 1251 2042; x_wconf 88' lang='lat' dir='ltr'><strong>tantum</strong></span> 
     </span>
     <span class='ocr_line' id='line_1_8' title="bbox 225 2068 1250 2166; baseline -0.002 -26"><span class='ocrx_word' id='word_1_38' title='bbox 225 2077 342 2161; x_wconf 85' lang='lat' dir='ltr'><strong>passim</strong></span> <span class='ocrx_word' id='word_1_39' title='bbox 375 2077 563 2159; x_wconf 86' lang='lat' dir='ltr'><strong>antiquato,</strong></span> <span class='ocrx_word' id='word_1_40' title='bbox 612 2068 646 2140; x_wconf 89' lang='lat' dir='ltr'><strong>ut</strong></span> <span class='ocrx_word' id='word_1_41' title='bbox 678 2076 757 2161; x_wconf 84' lang='lat' dir='ltr'><strong>legis</strong></span> <span class='ocrx_word' id='word_1_42' title='bbox 784 2078 847 2154; x_wconf 85' lang='lat' dir='ltr'><strong>jam</strong></span> <span class='ocrx_word' id='word_1_43' title='bbox 873 2082 946 2144; x_wconf 93' lang='lat' dir='ltr'><strong>loco</strong></span> <span class='ocrx_word' id='word_1_44' title='bbox 978 2074 1038 2156; x_wconf 82' lang='lat' dir='ltr'><strong>sit,</strong></span> <span class='ocrx_word' id='word_1_45' title='bbox 1070 2081 1250 2166; x_wconf 66' lang='lat' dir='ltr'><strong>discessisse</strong></span> 
     </span>
     <span class='ocr_line' id='line_1_9' title="bbox 223 2164 1250 2255; baseline -0.001 -14"><span class='ocrx_word' id='word_1_46' title='bbox 223 2178 351 2252; x_wconf 78' lang='lat' dir='ltr'><strong>videar,</strong></span> <span class='ocrx_word' id='word_1_47' title='bbox 381 2197 456 2239; x_wconf 88' lang='lat' dir='ltr'><strong>ecce</strong></span> <span class='ocrx_word' id='word_1_48' title='bbox 476 2184 726 2239; x_wconf 82' lang='lat' dir='ltr'><strong>Saturnalitiam</strong></span> <span class='ocrx_word' id='word_1_49' title='bbox 743 2178 801 2240; x_wconf 87' lang='lat' dir='ltr'><strong>tibi</strong></span> <span class='ocrx_word' id='word_1_50' title='bbox 824 2164 954 2255; x_wconf 71' lang='lat' dir='ltr'><strong>arianus,</strong></span> <span class='ocrx_word' id='word_1_51' title='bbox 986 2183 1116 2245; x_wconf 83' lang='lat' dir='ltr'><strong>Alherte</strong></span> <span class='ocrx_word' id='word_1_52' title='bbox 1139 2181 1250 2244; x_wconf 85' lang='lat' dir='ltr'><strong>Cardi-</strong></span> 
     </span>
     <span class='ocr_line' id='line_1_10' title="bbox 221 2269 1248 2364; baseline 0.001 -23"><span class='ocrx_word' id='word_1_53' title='bbox 221 2279 317 2355; x_wconf 80' lang='lat' dir='ltr'><strong>nalis,</strong></span> <span class='ocrx_word' id='word_1_54' title='bbox 351 2298 388 2338; x_wconf 87' lang='lat' dir='ltr'><strong>ac</strong></span> <span class='ocrx_word' id='word_1_55' title='bbox 413 2277 566 2357; x_wconf 81' lang='lat' dir='ltr'><strong>Princeps</strong></span> <span class='ocrx_word' id='word_1_56' title='bbox 595 2274 735 2338; x_wconf 87' lang='lat' dir='ltr'><strong>omniurn</strong></span> <span class='ocrx_word' id='word_1_57' title='bbox 760 2278 898 2360; x_wconf 89' lang='lat' dir='ltr'><strong>optime,</strong></span> <span class='ocrx_word' id='word_1_58' title='bbox 928 2269 994 2342; x_wconf 87' lang='lat' dir='ltr'><strong>non</strong></span> <span class='ocrx_word' id='word_1_59' title='bbox 1022 2285 1081 2351; x_wconf 88' lang='lat' dir='ltr'><strong>tale</strong></span> <span class='ocrx_word' id='word_1_60' title='bbox 1110 2281 1248 2364; x_wconf 71' lang='lat' dir='ltr'><strong>quidem,</strong></span> 
     </span>
     <span class='ocr_line' id='line_1_11' title="bbox 220 2375 1250 2463; baseline -0.003 -18"><span class='ocrx_word' id='word_1_61' title='bbox 220 2380 273 2445; x_wconf 79' lang='lat' dir='ltr'><strong>isti</strong></span> <span class='ocrx_word' id='word_1_62' title='bbox 294 2379 399 2463; x_wconf 88' lang='lat' dir='ltr'><strong>qualia</strong></span> <span class='ocrx_word' id='word_1_63' title='bbox 424 2379 550 2442; x_wconf 87' lang='lat' dir='ltr'><strong>mittunt</strong></span> <span class='ocrx_word' id='word_1_64' title='bbox 575 2378 658 2438; x_wconf 89' lang='lat' dir='ltr'><strong>circa</strong></span> <span class='ocrx_word' id='word_1_65' title='bbox 683 2375 863 2442; x_wconf 83' lang='lat' dir='ltr'><strong>divitiarum</strong></span> <span class='ocrx_word' id='word_1_66' title='bbox 890 2382 1132 2444; x_wconf 82' lang='lat' dir='ltr'><strong>ostentationem</strong></span> <span class='ocrx_word' id='word_1_67' title='bbox 1152 2382 1250 2443; x_wconf 89' lang='lat' dir='ltr'><strong>ambi-</strong></span> 
     </span>
     <span class='ocr_line' id='line_1_12' title="bbox 221 2478 1248 2564; baseline -0.002 -18"><span class='ocrx_word' id='word_1_68' title='bbox 221 2483 297 2549; x_wconf 73' lang='lat' dir='ltr'><strong>tiosi</strong></span> <span class='ocrx_word' id='word_1_69' title='bbox 306 2481 468 2553; x_wconf 82' lang='lat' dir='ltr'><strong>homines,</strong></span> <span class='ocrx_word' id='word_1_70' title='bbox 482 2479 540 2541; x_wconf 88' lang='lat' dir='ltr'><strong>sed</strong></span> <span class='ocrx_word' id='word_1_71' title='bbox 551 2480 644 2559; x_wconf 89' lang='lat' dir='ltr'><strong>quale</strong></span> <span class='ocrx_word' id='word_1_72' title='bbox 658 2478 760 2557; x_wconf 85' lang='lat' dir='ltr'><strong>ipsum</strong></span> <span class='ocrx_word' id='word_1_73' title='bbox 770 2502 820 2544; x_wconf 89' lang='lat' dir='ltr'><strong>me</strong></span> <span class='ocrx_word' id='word_1_74' title='bbox 831 2481 905 2544; x_wconf 85' lang='lat' dir='ltr'><strong>dare</strong></span> <span class='ocrx_word' id='word_1_75' title='bbox 917 2504 1030 2562; x_wconf 86' lang='lat' dir='ltr'><strong>posse,</strong></span> <span class='ocrx_word' id='word_1_76' title='bbox 1044 2495 1075 2543; x_wconf 91' lang='lat' dir='ltr'><strong>et</strong></span> <span class='ocrx_word' id='word_1_77' title='bbox 1089 2483 1248 2564; x_wconf 79' lang='lat' dir='ltr'><strong>intelligis,</strong></span> 
     </span>
     <span class='ocr_line' id='line_1_13' title="bbox 221 2571 1249 2666; baseline -0.005 -22"><span class='ocrx_word' id='word_1_78' title='bbox 221 2595 253 2648; x_wconf 83' lang='lat' dir='ltr'><strong>et</strong></span> <span class='ocrx_word' id='word_1_79' title='bbox 272 2593 396 2666; x_wconf 79' lang='lat' dir='ltr'><strong>gratum</strong></span> <span class='ocrx_word' id='word_1_80' title='bbox 415 2582 535 2655; x_wconf 83' lang='lat' dir='ltr'><strong>habes,</strong></span> <span class='ocrx_word' id='word_1_81' title='bbox 563 2577 701 2647; x_wconf 85' lang='lat' dir='ltr'><strong>libellum</strong></span> <span class='ocrx_word' id='word_1_82' title='bbox 727 2587 787 2650; x_wconf 78' lang='lat' dir='ltr'><strong>„sle</strong></span> <span class='ocrx_word' id='word_1_83' title='bbox 806 2571 981 2660; x_wconf 73' lang='lat' dir='ltr'><strong>inoqnijr&#39;cu</strong></span> <span class='ocrx_word' id='word_1_84' title='bbox 1002 2585 1144 2653; x_wconf 80' lang='lat' dir='ltr'><strong>Gquuci</strong></span> <span class='ocrx_word' id='word_1_85' title='bbox 1160 2586 1192 2639; x_wconf 79' lang='lat' dir='ltr'><strong>ui</strong></span> <span class='ocrx_word' id='word_1_86' title='bbox 1210 2603 1249 2639; x_wconf 87' lang='lat' dir='ltr'><strong>uc</strong></span> 
     </span>
     <span class='ocr_line' id='line_1_14' title="bbox 220 2674 1246 2761; baseline -0.003 -22"><span class='ocrx_word' id='word_1_87' title='bbox 220 2683 386 2739; x_wconf 81' lang='lat' dir='ltr'><strong>virtute“.·</strong></span> <span class='ocrx_word' id='word_1_88' title='bbox 416 2698 511 2761; x_wconf 89' lang='lat' dir='ltr'><strong>quem</strong></span> <span class='ocrx_word' id='word_1_89' title='bbox 531 2677 714 2757; x_wconf 89' lang='lat' dir='ltr'><strong>composui,</strong></span> <span class='ocrx_word' id='word_1_90' title='bbox 746 2699 812 2739; x_wconf 89' lang='lat' dir='ltr'><strong>non</strong></span> <span class='ocrx_word' id='word_1_91' title='bbox 839 2688 901 2738; x_wconf 86' lang='lat' dir='ltr'><strong>tam</strong></span> <span class='ocrx_word' id='word_1_92' title='bbox 928 2689 965 2737; x_wconf 94' lang='lat' dir='ltr'><strong>ut</strong></span> <span class='ocrx_word' id='word_1_93' title='bbox 985 2674 1055 2755; x_wconf 84' lang='lat' dir='ltr'><strong>ejus</strong></span> <span class='ocrx_word' id='word_1_94' title='bbox 1074 2676 1246 2749; x_wconf 80' lang='lat' dir='ltr'><strong>medicinae,</strong></span> 
     </span>
     <span class='ocr_line' id='line_1_15' title="bbox 220 2773 1247 2859; baseline 0.003 -24"><span class='ocrx_word' id='word_1_95' title='bbox 220 2773 314 2852; x_wconf 84' lang='lat' dir='ltr'><strong>eujus</strong></span> <span class='ocrx_word' id='word_1_96' title='bbox 340 2797 403 2859; x_wconf 91' lang='lat' dir='ltr'><strong>ope</strong></span> <span class='ocrx_word' id='word_1_97' title='bbox 428 2799 469 2839; x_wconf 86' lang='lat' dir='ltr'><strong>ex</strong></span> <span class='ocrx_word' id='word_1_98' title='bbox 497 2778 611 2839; x_wconf 88' lang='lat' dir='ltr'><strong>morbo</strong></span> <span class='ocrx_word' id='word_1_99' title='bbox 639 2779 779 2840; x_wconf 86' lang='lat' dir='ltr'><strong>omnium</strong></span> <span class='ocrx_word' id='word_1_100' title='bbox 806 2776 943 2858; x_wconf 84' lang='lat' dir='ltr'><strong>pessimo</strong></span> <span class='ocrx_word' id='word_1_101' title='bbox 963 2776 1128 2851; x_wconf 87' lang='lat' dir='ltr'><strong>convalui,</strong></span> <span class='ocrx_word' id='word_1_102' title='bbox 1155 2788 1247 2838; x_wconf 86' lang='lat' dir='ltr'><strong>testa·</strong></span> 
     </span>
     <span class='ocr_line' id='line_1_16' title="bbox 219 2877 1245 2960; baseline -0.002 -21"><span class='ocrx_word' id='word_1_103' title='bbox 219 2885 287 2939; x_wconf 83' lang='lat' dir='ltr'><strong>turn</strong></span> <span class='ocrx_word' id='word_1_104' title='bbox 306 2878 384 2941; x_wconf 87' lang='lat' dir='ltr'><strong>meis</strong></span> <span class='ocrx_word' id='word_1_105' title='bbox 406 2878 503 2940; x_wconf 87' lang='lat' dir='ltr'><strong>literis</strong></span> <span class='ocrx_word' id='word_1_106' title='bbox 523 2879 714 2960; x_wconf 82' lang='lat' dir='ltr'><strong>praeconium</strong></span> <span class='ocrx_word' id='word_1_107' title='bbox 734 2889 832 2953; x_wconf 84' lang='lat' dir='ltr'><strong>esset,</strong></span> <span class='ocrx_word' id='word_1_108' title='bbox 861 2898 955 2960; x_wconf 91' lang='lat' dir='ltr'><strong>quam</strong></span> <span class='ocrx_word' id='word_1_109' title='bbox 977 2888 1012 2939; x_wconf 91' lang='lat' dir='ltr'><strong>ut</strong></span> <span class='ocrx_word' id='word_1_110' title='bbox 1030 2877 1107 2952; x_wconf 90' lang='lat' dir='ltr'><strong>tibi,</strong></span> <span class='ocrx_word' id='word_1_111' title='bbox 1139 2878 1184 2940; x_wconf 91' lang='lat' dir='ltr'><strong>sic</strong></span> <span class='ocrx_word' id='word_1_112' title='bbox 1205 2879 1245 2938; x_wconf 78' lang='lat' dir='ltr'><strong>tle</strong></span> 
     </span>
     <span class='ocr_line' id='line_1_17' title="bbox 218 2976 1249 3063; baseline -0.003 -21"><span class='ocrx_word' id='word_1_113' title='bbox 218 2997 287 3057; x_wconf 86' lang='lat' dir='ltr'><strong>me,</strong></span> <span class='ocrx_word' id='word_1_114' title='bbox 319 2981 365 3045; x_wconf 89' lang='lat' dir='ltr'><strong>sic</strong></span> <span class='ocrx_word' id='word_1_115' title='bbox 393 2981 434 3042; x_wconf 80' lang='lat' dir='ltr'><strong>(le</strong></span> <span class='ocrx_word' id='word_1_116' title='bbox 461 2980 581 3061; x_wconf 89' lang='lat' dir='ltr'><strong>optimo</strong></span> <span class='ocrx_word' id='word_1_117' title='bbox 610 2999 740 3063; x_wconf 84' lang='lat' dir='ltr'><strong>quoque</strong></span> <span class='ocrx_word' id='word_1_118' title='bbox 766 2979 901 3051; x_wconf 85' lang='lat' dir='ltr'><strong>merito,</strong></span> <span class='ocrx_word' id='word_1_119' title='bbox 933 2976 1136 3059; x_wconf 80' lang='lat' dir='ltr'><strong>gratificarer.</strong></span> <span class='ocrx_word' id='word_1_120' title='bbox 1176 2978 1249 3041; x_wconf 87' lang='lat' dir='ltr'><strong>Jam</strong></span> 
     </span>
     <span class='ocr_line' id='line_1_18' title="bbox 218 3078 983 3160; baseline -0.007 -18"><span class='ocrx_word' id='word_1_121' title='bbox 218 3091 255 3151; x_wconf 82' lang='lat' dir='ltr'><strong>tu</strong></span> <span class='ocrx_word' id='word_1_122' title='bbox 273 3084 357 3146; x_wconf 87' lang='lat' dir='ltr'><strong>soles</strong></span> <span class='ocrx_word' id='word_1_123' title='bbox 376 3081 477 3157; x_wconf 90' lang='lat' dir='ltr'><strong>enim,</strong></span> <span class='ocrx_word' id='word_1_124' title='bbox 497 3092 533 3144; x_wconf 90' lang='lat' dir='ltr'><strong>ut</strong></span> <span class='ocrx_word' id='word_1_125' title='bbox 552 3102 625 3145; x_wconf 89' lang='lat' dir='ltr'><strong>cum</strong></span> <span class='ocrx_word' id='word_1_126' title='bbox 643 3082 730 3142; x_wconf 88' lang='lat' dir='ltr'><strong>bono</strong></span> <span class='ocrx_word' id='word_1_127' title='bbox 751 3090 844 3160; x_wconf 86' lang='lat' dir='ltr'><strong>poeta</strong></span> <span class='ocrx_word' id='word_1_128' title='bbox 864 3078 983 3139; x_wconf 89' lang='lat' dir='ltr'><strong>dicam:</strong></span> 
     </span>
     <span class='ocr_line' id='line_1_19' title="bbox 434 3189 1032 3264; baseline -0.01 -17"><span class='ocrx_word' id='word_1_129' title='bbox 434 3193 535 3247; x_wconf 81' lang='lat' dir='ltr'><strong>Meos</strong></span> <span class='ocrx_word' id='word_1_130' title='bbox 552 3208 617 3248; x_wconf 78' lang='lat' dir='ltr'><strong>esse</strong></span> <span class='ocrx_word' id='word_1_131' title='bbox 634 3189 759 3264; x_wconf 72' lang='lat' dir='ltr'><strong>aliquid</strong></span> <span class='ocrx_word' id='word_1_132' title='bbox 772 3195 889 3260; x_wconf 80' lang='lat' dir='ltr'><strong>putare</strong></span> <span class='ocrx_word' id='word_1_133' title='bbox 905 3205 1032 3260; x_wconf 73' lang='lat' dir='ltr'><strong>araeque,</strong></span> 
     </span>
    </p>

    <p class='ocr_par' dir='ltr' id='par_1_4' title="bbox 212 3279 1242 4273">
     <span class='ocr_line' id='line_1_20' title="bbox 218 3279 1241 3362; baseline -0.001 -21"><span class='ocrx_word' id='word_1_134' title='bbox 218 3290 315 3362; x_wconf 83' lang='lat' dir='ltr'><strong>atque</strong></span> <span class='ocrx_word' id='word_1_135' title='bbox 340 3280 388 3350; x_wconf 65' lang='lat' dir='ltr'><strong>‚ita</strong></span> <span class='ocrx_word' id='word_1_136' title='bbox 409 3302 460 3342; x_wconf 89' lang='lat' dir='ltr'><strong>me</strong></span> <span class='ocrx_word' id='word_1_137' title='bbox 485 3281 602 3356; x_wconf 86' lang='lat' dir='ltr'><strong>habes,</strong></span> <span class='ocrx_word' id='word_1_138' title='bbox 635 3294 755 3343; x_wconf 92' lang='lat' dir='ltr'><strong>utnon</strong></span> <span class='ocrx_word' id='word_1_139' title='bbox 784 3282 886 3341; x_wconf 89' lang='lat' dir='ltr'><strong>solum</strong></span> <span class='ocrx_word' id='word_1_140' title='bbox 912 3290 965 3339; x_wconf 84' lang='lat' dir='ltr'><strong>tua</strong></span> <span class='ocrx_word' id='word_1_141' title='bbox 992 3279 1123 3360; x_wconf 78' lang='lat' dir='ltr'><strong>dignum</strong></span> <span class='ocrx_word' id='word_1_142' title='bbox 1148 3280 1241 3353; x_wconf 80' lang='lat' dir='ltr'><strong>Aula,</strong></span> 
     </span>
     <span class='ocr_line' id='line_1_21' title="bbox 218 3379 1240 3462; baseline -0.002 -20"><span class='ocrx_word' id='word_1_143' title='bbox 218 3381 308 3462; x_wconf 87' lang='lat' dir='ltr'><strong>quod</strong></span> <span class='ocrx_word' id='word_1_144' title='bbox 343 3391 457 3460; x_wconf 78' lang='lat' dir='ltr'><strong>prater</strong></span> <span class='ocrx_word' id='word_1_145' title='bbox 496 3382 660 3461; x_wconf 79' lang='lat' dir='ltr'><strong>vulgarem</strong></span> <span class='ocrx_word' id='word_1_146' title='bbox 694 3379 873 3462; x_wconf 85' lang='lat' dir='ltr'><strong>principum</strong></span> <span class='ocrx_word' id='word_1_147' title='bbox 912 3379 1120 3449; x_wconf 74' lang='lat' dir='ltr'><strong>sententiam,</strong></span> <span class='ocrx_word' id='word_1_148' title='bbox 1168 3383 1240 3443; x_wconf 86' lang='lat' dir='ltr'><strong>satis</strong></span> 
     </span>
     <span class='ocr_line' id='line_1_22' title="bbox 216 3478 1242 3563; baseline -0.003 -19"><span class='ocrx_word' id='word_1_149' title='bbox 216 3501 378 3563; x_wconf 81' lang='lat' dir='ltr'><strong>superque</strong></span> <span class='ocrx_word' id='word_1_150' title='bbox 399 3480 521 3556; x_wconf 86' lang='lat' dir='ltr'><strong>suerat,</strong></span> <span class='ocrx_word' id='word_1_151' title='bbox 549 3480 736 3557; x_wconf 85' lang='lat' dir='ltr'><strong>existemcs,</strong></span> <span class='ocrx_word' id='word_1_152' title='bbox 756 3481 814 3542; x_wconf 89' lang='lat' dir='ltr'><strong>sed</strong></span> <span class='ocrx_word' id='word_1_153' title='bbox 832 3500 936 3542; x_wconf 86' lang='lat' dir='ltr'><strong>mcum</strong></span> <span class='ocrx_word' id='word_1_154' title='bbox 956 3478 1049 3541; x_wconf 89' lang='lat' dir='ltr'><strong>etiam</strong></span> <span class='ocrx_word' id='word_1_155' title='bbox 1071 3483 1242 3563; x_wconf 86' lang='lat' dir='ltr'><strong>qualecun-</strong></span> 
     </span>
     <span class='ocr_line' id='line_1_23' title="bbox 217 3579 1240 3665; baseline -0.001 -21"><span class='ocrx_word' id='word_1_156' title='bbox 217 3602 281 3665; x_wconf 85' lang='lat' dir='ltr'><strong>que</strong></span> <span class='ocrx_word' id='word_1_157' title='bbox 297 3582 330 3644; x_wconf 88' lang='lat' dir='ltr'><strong>id</strong></span> <span class='ocrx_word' id='word_1_158' title='bbox 348 3592 397 3642; x_wconf 91' lang='lat' dir='ltr'><strong>est</strong></span> <span class='ocrx_word' id='word_1_159' title='bbox 415 3581 603 3665; x_wconf 86' lang='lat' dir='ltr'><strong>obsequium</strong></span> <span class='ocrx_word' id='word_1_160' title='bbox 621 3581 718 3642; x_wconf 84' lang='lat' dir='ltr'><strong>veluti</strong></span> <span class='ocrx_word' id='word_1_161' title='bbox 736 3602 802 3642; x_wconf 84' lang='lat' dir='ltr'><strong>rem</strong></span> <span class='ocrx_word' id='word_1_162' title='bbox 819 3580 875 3642; x_wconf 90' lang='lat' dir='ltr'><strong>tibi</strong></span> <span class='ocrx_word' id='word_1_163' title='bbox 892 3579 1116 3656; x_wconf 84' lang='lat' dir='ltr'><strong>honorificam,</strong></span> <span class='ocrx_word' id='word_1_164' title='bbox 1133 3581 1240 3643; x_wconf 85' lang='lat' dir='ltr'><strong>verbis</strong></span> 
     </span>
     <span class='ocr_line' id='line_1_24' title="bbox 215 3666 1241 3765; baseline -0.003 -21"><span class='ocrx_word' id='word_1_165' title='bbox 215 3680 357 3765; x_wconf 81' lang='lat' dir='ltr'><strong>gloriose</strong></span> <span class='ocrx_word' id='word_1_166' title='bbox 377 3680 485 3763; x_wconf 81' lang='lat' dir='ltr'><strong>jactes.</strong></span> <span class='ocrx_word' id='word_1_167' title='bbox 531 3683 734 3764; x_wconf 75' lang='lat' dir='ltr'><strong>Tantumque</strong></span> <span class='ocrx_word' id='word_1_168' title='bbox 759 3681 865 3756; x_wconf 88' lang='lat' dir='ltr'><strong>abest,</strong></span> <span class='ocrx_word' id='word_1_169' title='bbox 896 3666 996 3743; x_wconf 88' lang='lat' dir='ltr'><strong>meani</strong></span> <span class='ocrx_word' id='word_1_170' title='bbox 1022 3682 1079 3743; x_wconf 91' lang='lat' dir='ltr'><strong>tibi</strong></span> <span class='ocrx_word' id='word_1_171' title='bbox 1106 3667 1241 3763; x_wconf 69' lang='lat' dir='ltr'><strong>praesen·</strong></span> 
     </span>
     <span class='ocr_line' id='line_1_25' title="bbox 214 3780 1241 3866; baseline -0.002 -21"><span class='ocrx_word' id='word_1_172' title='bbox 214 3782 289 3846; x_wconf 83' lang='lat' dir='ltr'><strong>tiam</strong></span> <span class='ocrx_word' id='word_1_173' title='bbox 313 3803 445 3866; x_wconf 84' lang='lat' dir='ltr'><strong>gravem</strong></span> <span class='ocrx_word' id='word_1_174' title='bbox 465 3782 589 3855; x_wconf 78' lang='lat' dir='ltr'><strong>videri,</strong></span> <span class='ocrx_word' id='word_1_175' title='bbox 619 3792 654 3844; x_wconf 86' lang='lat' dir='ltr'><strong>ut</strong></span> <span class='ocrx_word' id='word_1_176' title='bbox 677 3780 732 3843; x_wconf 93' lang='lat' dir='ltr'><strong>tibi</strong></span> <span class='ocrx_word' id='word_1_177' title='bbox 750 3781 871 3862; x_wconf 86' lang='lat' dir='ltr'><strong>pulchri</strong></span> <span class='ocrx_word' id='word_1_178' title='bbox 889 3781 982 3845; x_wconf 90' lang='lat' dir='ltr'><strong>etiam</strong></span> <span class='ocrx_word' id='word_1_179' title='bbox 1000 3783 1117 3865; x_wconf 85' lang='lat' dir='ltr'><strong>aliquid</strong></span> <span class='ocrx_word' id='word_1_180' title='bbox 1137 3804 1241 3844; x_wconf 84' lang='lat' dir='ltr'><strong>acces·</strong></span> 
     </span>
     <span class='ocr_line' id='line_1_26' title="bbox 214 3882 1238 3967; baseline -0.001 -21"><span class='ocrx_word' id='word_1_181' title='bbox 214 3882 313 3959; x_wconf 86' lang='lat' dir='ltr'><strong>sisse,</strong></span> <span class='ocrx_word' id='word_1_182' title='bbox 345 3885 434 3967; x_wconf 87' lang='lat' dir='ltr'><strong>quod</strong></span> <span class='ocrx_word' id='word_1_183' title='bbox 463 3882 668 3946; x_wconf 88' lang='lat' dir='ltr'><strong>domesticum</strong></span> <span class='ocrx_word' id='word_1_184' title='bbox 694 3884 870 3945; x_wconf 88' lang='lat' dir='ltr'><strong>Huttcnum</strong></span> <span class='ocrx_word' id='word_1_185' title='bbox 895 3884 1033 3960; x_wconf 79' lang='lat' dir='ltr'><strong>habeas,</strong></span> <span class='ocrx_word' id='word_1_186' title='bbox 1069 3885 1238 3948; x_wconf 86' lang='lat' dir='ltr'><strong>arbitreris.</strong></span> 
     </span>
     <span class='ocr_line' id='line_1_27' title="bbox 213 3983 1238 4067; baseline -0.003 -20"><span class='ocrx_word' id='word_1_187' title='bbox 213 3984 300 4047; x_wconf 83' lang='lat' dir='ltr'><strong>Novi</strong></span> <span class='ocrx_word' id='word_1_188' title='bbox 324 4005 406 4067; x_wconf 86' lang='lat' dir='ltr'><strong>quos</strong></span> <span class='ocrx_word' id='word_1_189' title='bbox 428 3983 513 4065; x_wconf 85' lang='lat' dir='ltr'><strong>apud</strong></span> <span class='ocrx_word' id='word_1_190' title='bbox 532 3983 640 4058; x_wconf 76' lang='lat' dir='ltr'><strong>viros,¹</strong></span> <span class='ocrx_word' id='word_1_191' title='bbox 673 4004 736 4066; x_wconf 89' lang='lat' dir='ltr'><strong>qua</strong></span> <span class='ocrx_word' id='word_1_192' title='bbox 759 4003 809 4044; x_wconf 90' lang='lat' dir='ltr'><strong>me</strong></span> <span class='ocrx_word' id='word_1_193' title='bbox 836 3984 1061 4065; x_wconf 73' lang='lat' dir='ltr'><strong>praedicatione¹</strong></span> <span class='ocrx_word' id='word_1_194' title='bbox 1075 3986 1238 4057; x_wconf 81' lang='lat' dir='ltr'><strong>extuleris,</strong></span> 
     </span>
     <span class='ocr_line' id='line_1_28' title="bbox 212 4082 1238 4167; baseline -0.004 -19"><span class='ocrx_word' id='word_1_195' title='bbox 212 4104 335 4148; x_wconf 70' lang='lat' dir='ltr'><strong>summo</strong></span> <span class='ocrx_word' id='word_1_196' title='bbox 355 4104 414 4165; x_wconf 88' lang='lat' dir='ltr'><strong>per</strong></span> <span class='ocrx_word' id='word_1_197' title='bbox 431 4083 592 4148; x_wconf 80' lang='lat' dir='ltr'><strong>Christum</strong></span> <span class='ocrx_word' id='word_1_198' title='bbox 619 4082 767 4147; x_wconf 88' lang='lat' dir='ltr'><strong>bonitatis</strong></span> <span class='ocrx_word' id='word_1_199' title='bbox 789 4095 848 4145; x_wconf 80' lang='lat' dir='ltr'><strong>tuae</strong></span> <span class='ocrx_word' id='word_1_200' title='bbox 871 4095 1077 4167; x_wconf 76' lang='lat' dir='ltr'><strong>argumento:</strong></span> <span class='ocrx_word' id='word_1_201' title='bbox 1110 4104 1152 4145; x_wconf 83' lang='lat' dir='ltr'><strong>ex</strong></span> <span class='ocrx_word' id='word_1_202' title='bbox 1175 4106 1238 4166; x_wconf 88' lang='lat' dir='ltr'><strong>qua</strong></span> 
     </span>
     <span class='ocr_line' id='line_1_29' title="bbox 212 4183 1238 4273; baseline -0.001 -27"><span class='ocrx_word' id='word_1_203' title='bbox 212 4187 264 4248; x_wconf 86' lang='lat' dir='ltr'><strong>vel</strong></span> <span class='ocrx_word' id='word_1_204' title='bbox 289 4206 354 4248; x_wconf 90' lang='lat' dir='ltr'><strong>una</strong></span> <span class='ocrx_word' id='word_1_205' title='bbox 376 4205 412 4247; x_wconf 93' lang='lat' dir='ltr'><strong>re</strong></span> <span class='ocrx_word' id='word_1_206' title='bbox 441 4183 617 4266; x_wconf 85' lang='lat' dir='ltr'><strong>intelligere</strong></span> <span class='ocrx_word' id='word_1_207' title='bbox 643 4183 737 4273; x_wconf 83' lang='lat' dir='ltr'><strong>licet,</strong></span> <span class='ocrx_word' id='word_1_208' title='bbox 765 4197 880 4269; x_wconf 68' lang='lat' dir='ltr'><strong>quatita</strong></span> <span class='ocrx_word' id='word_1_209' title='bbox 902 4187 1060 4248; x_wconf 74' lang='lat' dir='ltr'><strong>fortunam</strong></span> <span class='ocrx_word' id='word_1_210' title='bbox 1082 4187 1160 4246; x_wconf 88' lang='lat' dir='ltr'><strong>hanc</strong></span> <span class='ocrx_word' id='word_1_211' title='bbox 1180 4188 1238 4246; x_wconf 92' lang='lat' dir='ltr'><strong>hu-</strong></span> 
     </span>
    </p>
   </div>
   <div class='ocr_carea' id='block_1_4' title="bbox 101 4284 1239 4369">
    <p class='ocr_par' dir='ltr' id='par_1_5' title="bbox 101 4284 1239 4369">
     <span class='ocr_line' id='line_1_30' title="bbox 101 4284 1239 4369; baseline -0.003 -20"><span class='ocrx_word' id='word_1_212' title='bbox 101 4354 106 4365; x_wconf 52' lang='lat'><strong>,</strong></span> <span class='ocrx_word' id='word_1_213' title='bbox 211 4284 361 4349; x_wconf 76' lang='lat' dir='ltr'><strong>monitate</strong></span> <span class='ocrx_word' id='word_1_214' title='bbox 389 4296 570 4366; x_wconf 86' lang='lat' dir='ltr'><strong>temperes,</strong></span> <span class='ocrx_word' id='word_1_215' title='bbox 609 4296 643 4346; x_wconf 92' lang='lat' dir='ltr'><strong>et</strong></span> <span class='ocrx_word' id='word_1_216' title='bbox 667 4297 757 4349; x_wconf 88' lang='lat' dir='ltr'><strong>tuum</strong></span> <span class='ocrx_word' id='word_1_217' title='bbox 784 4288 949 4351; x_wconf 87' lang='lat' dir='ltr'><strong>consilium</strong></span> <span class='ocrx_word' id='word_1_218' title='bbox 980 4307 1074 4369; x_wconf 87' lang='lat' dir='ltr'><strong>quam</strong></span> <span class='ocrx_word' id='word_1_219' title='bbox 1101 4306 1168 4347; x_wconf 87' lang='lat' dir='ltr'><strong>non</strong></span> <span class='ocrx_word' id='word_1_220' title='bbox 1198 4288 1239 4348; x_wconf 86' lang='lat' dir='ltr'><strong>sit</strong></span> 
     </span>
    </p>
   </div>
   <div class='ocr_carea' id='block_1_5' title="bbox 211 4370 1237 4572">
    <p class='ocr_par' dir='ltr' id='par_1_6' title="bbox 110 4368 1237 4572">
     <span class='ocr_line' id='line_1_31' title="bbox 211 4370 1237 4468; baseline 0.003 -21.731"><span class='ocrx_word' id='word_1_221' title='bbox 211 4405 350 4461; x_wconf 82' lang='lat' dir='ltr'><strong>vanum,</strong></span> <span class='ocrx_word' id='word_1_222' title='bbox 377 4404 444 4468; x_wconf 88' lang='lat' dir='ltr'><strong>quo</strong></span> <span class='ocrx_word' id='word_1_223' title='bbox 464 4385 650 4463; x_wconf 84' lang='lat' dir='ltr'><strong>decrevisti,</strong></span> <span class='ocrx_word' id='word_1_224' title='bbox 678 4398 714 4449; x_wconf 93' lang='lat' dir='ltr'><strong>ut</strong></span> <span class='ocrx_word' id='word_1_225' title='bbox 736 4385 813 4450; x_wconf 86' lang='lat' dir='ltr'><strong>istos</strong></span> <span class='ocrx_word' id='word_1_226' title='bbox 832 4370 966 4450; x_wconf 70' lang='lat' dir='ltr'><strong>armhtos</strong></span> <span class='ocrx_word' id='word_1_227' title='bbox 984 4385 1074 4468; x_wconf 78' lang='lat' dir='ltr'><strong>juxta</strong></span> <span class='ocrx_word' id='word_1_228' title='bbox 1092 4398 1124 4449; x_wconf 85' lang='lat' dir='ltr'><strong>te</strong></span> <span class='ocrx_word' id='word_1_229' title='bbox 1142 4387 1237 4467; x_wconf 86' lang='lat' dir='ltr'><strong>stipa-</strong></span> 
     </span>
     <span class='ocr_line' id='line_1_32' title="bbox 211 4482 1237 4572; baseline 0.005 -27"><span class='ocrx_word' id='word_1_230' title='bbox 211 4495 298 4547; x_wconf 84' lang='lat' dir='ltr'><strong>tores</strong></span> <span class='ocrx_word' id='word_1_231' title='bbox 327 4485 466 4563; x_wconf 83' lang='lat' dir='ltr'><strong>habere,</strong></span> <span class='ocrx_word' id='word_1_232' title='bbox 497 4484 541 4548; x_wconf 82' lang='lat' dir='ltr'><strong>itu</strong></span> <span class='ocrx_word' id='word_1_233' title='bbox 564 4485 745 4550; x_wconf 87' lang='lat' dir='ltr'><strong>hominibus</strong></span> <span class='ocrx_word' id='word_1_234' title='bbox 774 4488 935 4552; x_wconf 77' lang='lat' dir='ltr'><strong>literatura</strong></span> <span class='ocrx_word' id='word_1_235' title='bbox 955 4482 1091 4572; x_wconf 67' lang='lat' dir='ltr'><strong>preditis</strong></span> <span class='ocrx_word' id='word_1_236' title='bbox 1116 4490 1237 4560; x_wconf 86' lang='lat' dir='ltr'><strong>cinctus</strong></span> 
     </span>
    </p>
   </div>
   <div class='ocr_carea' id='block_1_6' title="bbox 0 0 1320 5086">
    <p class='ocr_par' dir='ltr' id='par_1_7' title="bbox 0 0 1320 5086">
     <span class='ocr_line' id='line_1_33' title="bbox 0 0 1320 5086; baseline 0 6"><span class='ocrx_word' id='word_1_237' title='bbox 0 0 1320 5086; x_wconf 95' lang='lat' dir='ltr'><strong> </strong></span> 
     </span>
    </p>
   </div>
  </div>
 </body>
</html>
