2632 5086
218 713 289 805 652
434 706 490 781 Ad
515 703 651 778 liberos
675 700 712 777 in
738 703 862 791 Germ.
889 723 1019 784 omncs

219 903 284 989 pati
303 897 442 965 debeat?
471 900 579 980 Atque
599 894 717 957 utinam
736 893 781 955 sic
799 895 896 955 multa
917 890 1074 955 inveniam
1093 895 1183 972 talia,
1204 905 1244 959 ut

220 998 398 1087 publicandi
427 1017 465 1060 es
491 992 567 1058 mihi
593 1014 712 1056 summu
740 992 880 1075 quaedam
905 993 1050 1074 voluptas
1071 1005 1129 1056 est.
1164 996 1247 1061 Non

221 1112 360 1167 merctur
385 1096 437 1161 liic
463 1093 591 1179 quidem
617 1093 769 1168 sumile,
802 1088 884 1175 quos
910 1093 944 1152 in
969 1092 1119 1154 Fnldensi
1138 1116 1244 1174 nuper

222 1196 411 1265 bibliotheca
443 1196 562 1270 blattis,
592 1205 625 1258 et
652 1193 747 1256 carici
776 1193 939 1256 inveniens
968 1193 1086 1275 eripui,
1118 1195 1244 1269 Plinio,

223 1302 349 1377 Solino,
380 1297 593 1380 Quintiliano,
624 1295 778 1357 Marcello
799 1293 947 1370 Medico,
973 1305 1005 1355 ct
1024 1294 1090 1356 aliis
1112 1296 1244 1378 quibus-

224 1405 294 1467 dam
315 1400 506 1478 comparari,
538 1407 639 1459 tamon
665 1396 691 1458 si
718 1416 813 1476 quem
839 1416 890 1456 rcs
906 1381 972 1475 ipsa
992 1396 1115 1476 potins,
1148 1418 1244 1477 quum

225 1503 327 1567 oratio
351 1499 473 1575 adficit,
518 1496 660 1560 nonnihil
691 1494 813 1558 adferet
851 1495 976 1574 publica
1006 1496 1246 1578 exspectatione

216 1603 368 1685 dignum.
424 1601 504 1662 Nam
534 1617 597 1679 ego
632 1595 787 1659 sermonis
831 1594 1107 1657 inconcinnitatem
1137 1597 1249 1659 saeurti

229 1703 309 1767 illius
329 1697 502 1764 infelicitati
528 1696 697 1771 condono,
729 1693 889 1756 materiam
926 1714 1022 1769 vero,
1058 1716 1127 1778 qnae
1162 1693 1248 1759 inibi

225 1812 392 1876 tractatur,
422 1797 473 1861 vel
500 1796 544 1860 ob
566 1796 615 1868 id,
644 1794 759 1869 credo;
791 1795 899 1856 utilem
926 1795 1015 1869 lore,
1052 1796 1142 1879 qtrod
1166 1794 1247 1858 inde

228 1902 409 1986 perdiscent
428 1906 583 1962 nostrates
602 1892 782 1970 academie,
813 1895 891 1978 quid
911 1916 978 1976 qno
1007 1895 1141 1959 consilio
1162 1895 1247 1975 judi-

223 2023 300 2066 *esre
320 1999 502 2070 conveniam
527 1994 583 2059 ubi
604 1993 773 2069 habebant,
799 2016 870 2077 quae
888 1995 1065 2074 imitentur,
1091 1996 1248 2075 majorum

226 2121 359 2177 ‚snorum
383 2087 544 2178 exempla:
570 2105 602 2157 et
621 2093 711 2178 quod
737 2094 825 2158 orbis
845 2109 1035 2176 cognoscet,
1067 2118 1161 2180 quam
1181 2121 1249 2162 non

228 2200 356 2282 caeperit
375 2217 477 2277 nuper
496 2206 605 2257 contra
622 2194 849 2285 intolerabilem
872 2198 1057 2277 pontificum
1076 2198 1248 2276 avaritiam,

194 2311 198 2320 ’
229 2323 265 2368 uc
298 2297 426 2363 minime
452 2296 621 2359 ferendum
635 2294 828 2375 impositum
854 2295 913 2357 sibi
955 2316 973 2356 a
1000 2296 1150 2359 Romanis
1178 2298 1248 2360 istis

230 2399 342 2484 jugum
361 2400 528 2462 reclamare
555 2395 735 2490 luecnatio.
773 2394 953 2458 Voluerunt
972 2396 1055 2458 eninr
1074 2416 1140 2458 non
1159 2400 1190 2459 ln
1209 2419 1247 2462 re

230 2521 328 2577 vana,
348 2510 380 2562 et
398 2493 549 2562 momenti
569 2496 737 2558 admodum
756 2494 887 2570 nullius,
910 2495 1008 2578 idque
1021 2497 1065 2558 sic
1076 2497 1250 2571 invidiose,

231 2613 267 2664 ut
286 2618 371 2662 nuno
389 2599 441 2673 lit,
465 2599 571 2659 locare
591 2615 720 2676 operam
738 2595 818 2658 hanc
837 2596 1017 2679 superiores
1038 2598 1196 2681 theologi3
1217 2601 1252 2662 in

231 2700 326 2764 rebus
345 2695 547 2770 necessariis,
568 2704 599 2756 ct
618 2696 755 2776 negotiis
774 2716 831 2757 sua
850 2682 1050 2776 professione
1063 2698 1169 2781 dignis
1179 2720 1252 2762 curn

230 2797 373 2882 periculo
393 2794 483 2867 etiem
504 2794 722 2858 ‹testulandum
742 2793 802 2856 sibi
825 2795 964 2857 arbitrati
985 2809 1068 2860 sunt.
1112 2800 1155 2861 Et
1176 2808 1253 2863 sinric

228 2894 423 2963 conscientia
454 2895 536 2957 duce
567 2895 768 2970 ferebantur,
808 2895 904 2958 hodic
941 2918 1046 2961 meros
1079 2901 1251 2981 palpones,

230 3016 336 3064 meros
350 2997 581 3069 adsentatores,
601 2994 778 3057 invenimus
789 2997 974 3079 theologum
995 2999 1065 3081 qni,
1087 3001 1251 3084 siquando

228 3099 370 3162 officium
398 3097 504 3158 lacere
532 3115 627 3157 suum
654 3096 782 3165 volunt,
819 3108 872 3157 unt
898 3097 931 3158 in
962 3099 1057 3180 nugis
1087 3101 1251 3182 tragoedias

228 3209 381 3272 movent,
408 3207 461 3258 ant
486 3205 521 3257 ut
538 3192 720 3274 potentibus
736 3193 804 3257 istis
822 3196 1055 3277 gratificentur,
1084 3200 1173 3263 bonis
1193 3202 1252 3266 ho·

234 3292 371 3362 minibus
389 3293 538 3357 invidiam
559 3294 742 3369 conciliant,
775 3316 857 3375 saepe
876 3298 1050 3376 periculum
1070 3299 1251 3376 moliuntur,

235 3396 403 3481 aliquando
424 3394 516 3455 etiam
534 3385 708 3474 perniciem
728 3406 899 3458 arcessunt.
939 3398 1030 3478 Quos
1043 3420 1108 3461 non
1129 3413 1256 3482 praesta·

234 3499 295 3572 bat,
315 3495 446 3567 lodere,
480 3506 532 3556 aut
558 3493 684 3578 quidvis
703 3494 788 3556 aliud
806 3513 918 3576 agere,
939 3517 1035 3577 quam
1053 3499 1099 3562 sic
1117 3520 1255 3581 praepos·

235 3608 302 3659 tere
331 3593 468 3656 studium
496 3596 663 3676 theologie
687 3595 842 3657 tractaret
879 3595 958 3658 Nam
986 3599 1064 3681 qnid
1089 3599 1257 3679 indignum

233 3693 333 3776 magis
359 3693 509 3756 committi
535 3705 655 3776 potest,
682 3715 778 3777 quam
803 3696 892 3777 quod
911 3697 956 3758 sic
975 3712 1112 3775 temere,
1144 3701 1190 3762 sic
1209 3701 1257 3764 in·

208 3795 436 3858 ,considerate
463 3807 496 3857 et
521 3796 714 3874 petulanter,
744 3817 780 3857 ac
806 3797 975 3873 malitiose,
1005 3802 1157 3885 nulloque
1183 3823 1256 3864 cum

236 3895 356 3978 judicio
396 3895 556 3958 bonorum
591 3893 734 3956 virorum
778 3897 894 3978 scripta
921 3902 1019 3962 semel
1056 3913 1108 3965 aut
1141 3900 1256 3962 iterum

167 4026 177 4051 r
236 4006 364 4060 tractata
383 3994 445 4076 jam
463 3993 598 4058 vidimus
617 3993 657 4054 ab
677 3993 732 4071 iis,
753 3997 809 4080 qui
826 4019 892 4060 non
908 4018 1021 4062 errore
1038 3999 1174 4074 seducti,
1195 4001 1256 4061 sed

201 4128 204 4134 ·
234 4095 339 4158 livore
358 4107 392 4156 et
410 4092 523 4157 malitia
541 4092 684 4169 adducti,
712 4114 748 4157 ea
768 4097 1011 4176 damnaverunt,
1040 4120 1109 4181 qne
1128 4098 1155 4160 si
1175 4119 1255 4160 con·

237 4194 397 4259 scientiam
424 4191 677 4274 uniuscnjusque
706 4200 859 4275 appelles,
891 4199 993 4281 primo
1024 4199 1185 4274 adserent,
1219 4222 1257 4261 ac

235 4295 418 4376 probabunt
443 4292 540 4358 loce?
589 4296 632 4363 Et
660 4293 705 4358 illi
729 4297 859 4381 quidem
884 4312 1016 4364 strenue
1039 4311 1142 4363 actuum
1161 4300 1201 4365 ab
1221 4320 1256 4363 rs
