2632 5086
313 795 360 868 ad
384 792 575 868 Albertum
598 790 757 892 Princip.
782 792 844 869 lib.
1024 796 1098 877 2⁷6

68 990 225 1072 repulisse
244 986 372 1063 febres,
392 986 496 1051 rtatim
518 984 558 1048 ab
574 982 689 1065 initio,
707 982 842 1071 proprio
864 986 991 1073 ebibito·
1005 986 1096 1069 lotio,

69 1093 153 1156 baud
173 1090 235 1151 alio
260 1088 506 1164 medicamento;
534 1098 568 1148 et
588 1087 621 1148 in
645 1085 785 1149 Saxonis
805 1087 922 1152 vidisse
941 1090 1098 1167 homines,

70 1193 127 1277 qui
145 1191 248 1253 omnis
268 1187 394 1269 generis
417 1188 653 1250 interaneorum
674 1187 822 1264 morbos,
850 1190 1005 1252 cerevisia
1023 1208 1099 1254 cum

69 1294 186 1370 butyro
205 1282 425 1352 sufferveiacta
444 1300 476 1349 et
501 1285 638 1362 ebibita,
659 1287 904 1371 restinguerent.
942 1291 1099 1355 Rursum·

71 1412 133 1477 que
162 1392 257 1453 tidem
283 1409 348 1451 non
375 1389 490 1452 habent
514 1386 688 1464 referenti,
723 1389 889 1470 quemdam
910 1390 1003 1455 nobis
1028 1412 1100 1458 csse

70 1503 236 1574 paternum
256 1489 411 1566 villicum,
433 1490 489 1572 qni
507 1487 608 1551 tribus
633 1487 822 1570 quibusdam
843 1491 949 1555 herbis
975 1494 994 1554 ὲ
1021 1494 1101 1557 vinc

71 1592 228 1665 decoctis,
257 1600 426 1653 contusum
452 1589 587 1652 hominia
615 1609 764 1651 craneum
788 1591 1020 1656 consanaverit.
1058 1595 1102 1675 Et

72 1690 307 1773 contemptibile
319 1691 582 1753 medicamentum
594 1687 790 1764 existimant,
808 1691 943 1771 pessima
956 1704 993 1754 ut
1004 1684 1102 1774 pluri·

71 1816 156 1859 mum
177 1797 326 1867 vulnera,
347 1791 503 1873 percoctis
522 1780 556 1851 in
575 1786 652 1851 vino
671 1800 724 1852 aut
738 1810 838 1873 aqua,
859 1791 967 1871 paucis
987 1794 1104 1857 iterum

72 1894 188 1957 nostris
221 1892 347 1967 herbis,
379 1892 461 1954 intra
487 1891 645 1952 decimum
670 1900 724 1951 ant
753 1890 978 1955 duodecimum
1007 1892 1102 1970 diem,

74 1993 153 2058 citra
173 1992 272 2056 febris
289 2004 407 2055 metum
432 1991 598 2054 coaluisse.
636 1992 712 2052 Non
728 1990 799 2055 lieri
815 1993 990 2056 secundum
1008 2012 1105 2057 cano-

77 2117 135 2156 nes
161 2093 217 2155 ista
236 2093 420 2155 dictitantes.
459 2090 502 2153 Et
520 2092 560 2153 de
581 2089 726 2170 Gunjaao
745 2110 831 2153 nunc
849 2091 933 2154 idem
953 2093 1104 2170 sentiunt,

76 2192 169 2274 ertjus
191 2191 252 2253 vim
273 2213 366 2276 quam
386 2201 476 2253 acute
497 2188 688 2271 intelligant,
709 2201 742 2251 et
762 2212 844 2273 quos
864 2192 906 2255 de
924 2213 965 2255 eo
984 2214 1105 2257 sermo·

74 2316 131 2358 nes
156 2294 273 2356 babere
299 2292 439 2369 soleant,
476 2310 518 2352 ex
545 2291 643 2352 nobili
668 2291 856 2369 cujusdam,
886 2312 953 2355 non
978 2292 1105 2375 juvenis

74 2395 247 2473 jamdum,
281 2404 316 2455 ut
336 2391 477 2471 experiri
498 2389 645 2471 incipiat,
672 2393 731 2455 sed
758 2411 846 2473 prone
870 2392 1041 2472 decrepiti,
1068 2402 1108 2457 nt

74 2496 288 2569 avicennsm,
320 2495 459 2556 Mesuen
486 2502 517 2552 et
542 2492 684 2576 reliquos
711 2491 874 2559 medicina
900 2505 1045 2571 autores,
1070 2501 1109 2556 ut

75 2617 200 2679 ungnes
226 2614 301 2656 snos
329 2595 441 2656 callere
466 2591 570 2672 ipsum
594 2592 760 2673 probabile
789 2592 906 2671 luerit,
936 2614 1106 2676 responso,

76 2715 275 2778 cognoscere
291 2694 395 2755 dama.
420 2690 462 2777 ΙΙε
483 2692 567 2755 enim
587 2712 659 2754 cnm
677 2693 813 2758 maxime
832 2695 896 2757 hacc
910 2702 1106 2773 annotarem,-

78 2809 110 2859 et
132 2790 367 2857 Francolurdio
392 2792 446 2855 ubi
475 2793 617 2874 Recipe,
650 2792 758 2856 scribit
776 2793 846 2870 ille,
872 2797 932 2859 iter
956 2796 1108 2874 facerem,

79 2896 291 2974 interrogatus
320 2893 359 2954 ab
389 2894 489 2957 amico
522 2893 661 2974 quodam
687 2914 760 2956 meo
792 2895 832 2958 de
861 2894 1005 2977 Guajaco
1030 2890 1110 2981 quid

79 2996 209 3070 sentiat,
231 3016 297 3056 non
315 2994 380 3057 vidi
404 2992 528 3076 inquit,
555 2993 612 3056 scd
639 2996 861 3077 qualecunque
887 3006 954 3071 est,
981 3002 1112 3078 oportet

32 3088 38 3108 ⁸
78 3097 149 3174 ejus
174 3094 377 3158 considerare
397 3095 545 3175 pondus,
565 3095 727 3168 colorem,
752 3095 887 3157 odorem
907 3095 941 3156 in
961 3095 1111 3178 qualitate

78 3210 109 3260 ct
124 3196 309 3282 quantitate.
347 3195 397 3257 lbi
414 3206 516 3256 tamen
539 3216 617 3277 ego,
638 3205 669 3256 at
685 3190 812 3273 pondus
826 3194 857 3256 ei
875 3206 924 3257 est
940 3214 1110 3279 pergrave,

79 3312 110 3361 et
137 3301 169 3362 in
195 3319 276 3382 aqua
303 3297 458 3379 mergitur
490 3305 770 3379 quantumcunque
797 3294 940 3358 minutim
963 3295 1110 3375 incisum,

80 3403 169 3461 color
186 3398 242 3482 qui
260 3399 352 3462 buxo
374 3398 460 3473 lere,
491 3398 620 3478 oletque
641 3393 778 3460 obscure
797 3396 995 3461 resinaceum
1018 3397 1113 3481 quid·

81 3500 163 3561 dam.
201 3500 270 3561 Jam
290 3510 325 3559 tu
344 3496 405 3560 scis
432 3496 530 3579 igitur
560 3492 694 3572 Guajaci
722 3506 834 3558 natura
861 3518 948 3581 qne,
978 3507 1011 3561 ct
1039 3518 1112 3582 quta

81 3599 154 3661 vis?
178 3598 230 3661 ille
247 3597 355 3660 verbis
385 3617 436 3662 mc
456 3596 636 3667 obtundere
662 3595 811 3673 adortus,
839 3595 949 3661 nescio
971 3596 1113 3683 quidex

82 3697 328 3780 predicamentis
359 3697 538 3761 Aristotelis
576 3694 746 3779 garriebat.
800 3698 886 3761 Tum
919 3718 1002 3777 ego,
1040 3696 1113 3762 lieri
1183 3746 1188 3757 .

83 3808 189 3879 potest
207 3817 324 3874 senex,
355 3807 391 3860 nt
410 3817 482 3860 cnm
502 3816 606 3872 novus
626 3800 667 3860 sit
690 3797 843 3876 morbus,
872 3816 1023 3882 nouaque
1047 3794 1113 3862 trec

82 3895 257 3973 medicina,
282 3897 479 3980 incognitum
498 3908 601 3959 toturn
621 3900 723 3962 adbuc
741 3893 836 3969 uobis
860 3896 1026 3982 negotium
1043 3894 1115 3962 sict

82 4001 180 4062 Erras
200 3997 320 4083 inquit,
340 4021 406 4063 non
427 4017 532 4062 novus
550 4009 599 4061 cst
614 3998 762 4076 morbus,
783 4013 856 4062 cum
874 3996 915 4063 de
928 3994 982 4061 illo
995 3994 1116 4063 scn’bat

82 4098 216 4162 Plinius.
255 4097 382 4181 Cupide
400 4097 435 4163 id
452 4098 527 4163 milri
546 4098 732 4176 accidebat,
760 4098 871 4165 audire
889 4099 1010 4161 volenti
1029 4096 1118 4181 apud

81 4200 220 4264 Plinium
238 4200 318 4285 qnid
341 4200 531 4283 intelligeret
553 4201 641 4282 ipse,
671 4198 761 4283 quod
785 4214 838 4263 tate
864 4194 995 4277 lateret,
1029 4220 1116 4285 quse„

83 4300 211 4385 citoque
231 4301 355 4365 Plinius
374 4323 439 4385 qno
456 4299 583 4366 nomine
596 4300 743 4364 morbum
755 4298 841 4365 bunc
859 4302 1011 4385 appellet,
1027 4318 1116 4367 tuen·

83 4413 202 4486 tagram
233 4400 358 4486 inquit,
393 4398 470 4487 qnia
500 4410 597 4465 vexat
624 4412 773 4491 mentem.
819 4400 905 4465 Tum
930 4400 983 4473 stit
1011 4400 1117 4477 morbi
