<?xml version="1.0" encoding="UTF-8"?>
<!DOCTYPE html PUBLIC "-//W3C//DTD XHTML 1.0 Transitional//EN"
    "http://www.w3.org/TR/xhtml1/DTD/xhtml1-transitional.dtd">
<html xmlns="http://www.w3.org/1999/xhtml" xml:lang="en" lang="en">
 <head>
  <title>
</title>
<meta http-equiv="Content-Type" content="text/html;charset=utf-8" />
  <meta name='ocr-system' content='tesseract 3.04.00' />
  <meta name='ocr-capabilities' content='ocr_page ocr_carea ocr_par ocr_line ocrx_word'/>
</head>
<body>
  <div class='ocr_page' id='page_1' title='image "./ulrichiabhutten02mngoog_0479.png"; bbox 0 0 2632 5086; ppageno 0'>
   <div class='ocr_carea' id='block_1_1' title="bbox 370 742 1136 846">
    <p class='ocr_par' dir='ltr' id='par_1_1' title="bbox 370 742 1136 846">
     <span class='ocr_line' id='line_1_1' title="bbox 370 742 1136 846; baseline 0.005 -25"><span class='ocrx_word' id='word_1_1' title='bbox 370 747 475 821; x_wconf 83' lang='lat' dir='ltr'>Trias</span> <span class='ocrx_word' id='word_1_2' title='bbox 499 746 668 820; x_wconf 80' lang='lat' dir='ltr'>Romana</span> <span class='ocrx_word' id='word_1_3' title='bbox 690 742 876 846; x_wconf 77' lang='lat' dir='ltr'><strong>Dialogus.</strong></span> <span class='ocrx_word' id='word_1_4' title='bbox 1065 747 1136 827; x_wconf 74' lang='lat' dir='ltr'>los</span> 
     </span>
    </p>
   </div>
   <div class='ocr_carea' id='block_1_2' title="bbox 103 939 1160 4434">
    <p class='ocr_par' dir='ltr' id='par_1_2' title="bbox 512 939 708 1003">
     <span class='ocr_line' id='line_1_2' title="bbox 512 939 708 1003; baseline -0.01 0"><span class='ocrx_word' id='word_1_5' title='bbox 512 962 515 966; x_wconf 63' lang='grc'>“</span> <span class='ocrx_word' id='word_1_6' title='bbox 543 939 708 1003; x_wconf 90' lang='lat' dir='ltr'>Hutten.</span> 
     </span>
    </p>

    <p class='ocr_par' dir='ltr' id='par_1_3' title="bbox 112 1038 1137 1204">
     <span class='ocr_line' id='line_1_3' title="bbox 190 1038 1137 1125; baseline -0.002 -22"><span class='ocrx_word' id='word_1_7' title='bbox 190 1041 292 1122; x_wconf 80' lang='lat' dir='ltr'>Igitur</span> <span class='ocrx_word' id='word_1_8' title='bbox 312 1042 409 1103; x_wconf 91' lang='lat' dir='ltr'>ullum</span> <span class='ocrx_word' id='word_1_9' title='bbox 429 1053 520 1124; x_wconf 88' lang='lat' dir='ltr'>putas</span> <span class='ocrx_word' id='word_1_10' title='bbox 536 1038 662 1121; x_wconf 73' lang='lat' dir='ltr'>injurie</span> <span class='ocrx_word' id='word_1_11' title='bbox 688 1061 788 1123; x_wconf 83' lang='lat' dir='ltr'>genus</span> <span class='ocrx_word' id='word_1_12' title='bbox 807 1053 897 1116; x_wconf 84' lang='lat' dir='ltr'>esse,</span> <span class='ocrx_word' id='word_1_13' title='bbox 917 1059 985 1125; x_wconf 84' lang='lat' dir='ltr'>quo</span> <span class='ocrx_word' id='word_1_14' title='bbox 1003 1039 1137 1104; x_wconf 71' lang='lat' dir='ltr'>intactos</span> 
     </span>
     <span class='ocr_line' id='line_1_4' title="bbox 112 1141 317 1204; baseline 0 -2"><span class='ocrx_word' id='word_1_15' title='bbox 112 1161 171 1204; x_wconf 89' lang='lat' dir='ltr'>nos</span> <span class='ocrx_word' id='word_1_16' title='bbox 193 1141 317 1203; x_wconf 83' lang='lat' dir='ltr'>sinaut?</span> 
     </span>
    </p>

    <p class='ocr_par' dir='ltr' id='par_1_4' title="bbox 514 1242 724 1305">
     <span class='ocr_line' id='line_1_5' title="bbox 514 1242 724 1305; baseline 0 -1"><span class='ocrx_word' id='word_1_17' title='bbox 514 1242 724 1305; x_wconf 87' lang='lat' dir='ltr'>Ernhold.</span> 
     </span>
    </p>

    <p class='ocr_par' dir='ltr' id='par_1_5' title="bbox 111 1342 1135 1506">
     <span class='ocr_line' id='line_1_6' title="bbox 186 1342 1135 1425; baseline 0.001 -19"><span class='ocrx_word' id='word_1_18' title='bbox 186 1343 256 1406; x_wconf 89' lang='lat' dir='ltr'>Jam</span> <span class='ocrx_word' id='word_1_19' title='bbox 283 1344 410 1406; x_wconf 85' lang='lat' dir='ltr'>tandem</span> <span class='ocrx_word' id='word_1_20' title='bbox 438 1361 508 1406; x_wconf 86' lang='lat' dir='ltr'>esse</span> <span class='ocrx_word' id='word_1_21' title='bbox 533 1344 654 1405; x_wconf 86' lang='lat' dir='ltr'>nullum</span> <span class='ocrx_word' id='word_1_22' title='bbox 677 1354 777 1425; x_wconf 88' lang='lat' dir='ltr'>puto,</span> <span class='ocrx_word' id='word_1_23' title='bbox 807 1342 912 1408; x_wconf 78' lang='lat' dir='ltr'>omnin</span> <span class='ocrx_word' id='word_1_24' title='bbox 937 1342 1051 1407; x_wconf 84' lang='lat' dir='ltr'>videns</span> <span class='ocrx_word' id='word_1_25' title='bbox 1080 1360 1135 1407; x_wconf 80' lang='lat' dir='ltr'>au·</span> 
     </span>
     <span class='ocr_line' id='line_1_7' title="bbox 111 1444 275 1506; baseline -0.006 0"><span class='ocrx_word' id='word_1_26' title='bbox 111 1444 187 1506; x_wconf 84' lang='lat' dir='ltr'>dore</span> <span class='ocrx_word' id='word_1_27' title='bbox 208 1464 275 1506; x_wconf 82' lang='lat' dir='ltr'>eos.</span> 
     </span>
    </p>

    <p class='ocr_par' dir='ltr' id='par_1_6' title="bbox 538 1543 700 1606">
     <span class='ocr_line' id='line_1_8' title="bbox 538 1543 700 1606; baseline 0.006 -1"><span class='ocrx_word' id='word_1_28' title='bbox 538 1543 700 1606; x_wconf 87' lang='lat' dir='ltr'>Hutten.</span> 
     </span>
    </p>

    <p class='ocr_par' dir='ltr' id='par_1_7' title="bbox 105 1643 1160 3414">
     <span class='ocr_line' id='line_1_9' title="bbox 184 1643 1134 1729; baseline 0.003 -26"><span class='ocrx_word' id='word_1_29' title='bbox 184 1643 266 1704; x_wconf 89' lang='lat' dir='ltr'>Sunt</span> <span class='ocrx_word' id='word_1_30' title='bbox 285 1665 354 1725; x_wconf 69' lang='lat' dir='ltr'>quse</span> <span class='ocrx_word' id='word_1_31' title='bbox 373 1643 412 1706; x_wconf 86' lang='lat' dir='ltr'>iis</span> <span class='ocrx_word' id='word_1_32' title='bbox 432 1655 569 1721; x_wconf 86' lang='lat' dir='ltr'>tautum,</span> <span class='ocrx_word' id='word_1_33' title='bbox 592 1645 648 1729; x_wconf 87' lang='lat' dir='ltr'>qui</span> <span class='ocrx_word' id='word_1_34' title='bbox 668 1645 762 1709; x_wconf 85' lang='lat' dir='ltr'>titulis</span> <span class='ocrx_word' id='word_1_35' title='bbox 782 1643 924 1726; x_wconf 78' lang='lat' dir='ltr'>insigniti</span> <span class='ocrx_word' id='word_1_36' title='bbox 946 1654 1036 1718; x_wconf 83' lang='lat' dir='ltr'>sunt,</span> <span class='ocrx_word' id='word_1_37' title='bbox 1054 1663 1134 1706; x_wconf 80' lang='lat' dir='ltr'>eon·</span> 
     </span>
     <span class='ocr_line' id='line_1_10' title="bbox 107 1743 1133 1820; baseline 0.003 -16"><span class='ocrx_word' id='word_1_38' title='bbox 107 1744 254 1805; x_wconf 79' lang='lat' dir='ltr'>seruntur</span> <span class='ocrx_word' id='word_1_39' title='bbox 277 1743 472 1820; x_wconf 80' lang='lat' dir='ltr'>sacerdotia,</span> <span class='ocrx_word' id='word_1_40' title='bbox 500 1745 611 1808; x_wconf 87' lang='lat' dir='ltr'>veteri·</span> <span class='ocrx_word' id='word_1_41' title='bbox 628 1747 860 1808; x_wconf 87' lang='lat' dir='ltr'>Germanorum</span> <span class='ocrx_word' id='word_1_42' title='bbox 885 1745 1048 1820; x_wconf 87' lang='lat' dir='ltr'>instituto,</span> <span class='ocrx_word' id='word_1_43' title='bbox 1079 1743 1133 1807; x_wconf 86' lang='lat' dir='ltr'>eui</span> 
     </span>
     <span class='ocr_line' id='line_1_11' title="bbox 107 1843 1136 1928; baseline 0.001 -22"><span class='ocrx_word' id='word_1_44' title='bbox 107 1858 142 1906; x_wconf 90' lang='lat' dir='ltr'>nt</span> <span class='ocrx_word' id='word_1_45' title='bbox 162 1848 221 1908; x_wconf 92' lang='lat' dir='ltr'>sub</span> <span class='ocrx_word' id='word_1_46' title='bbox 241 1849 411 1910; x_wconf 78' lang='lat' dir='ltr'>honestatis</span> <span class='ocrx_word' id='word_1_47' title='bbox 430 1845 536 1928; x_wconf 86' lang='lat' dir='ltr'>speeie</span> <span class='ocrx_word' id='word_1_48' title='bbox 555 1847 781 1923; x_wconf 78' lang='lat' dir='ltr'>adversentur,</span> <span class='ocrx_word' id='word_1_49' title='bbox 802 1845 908 1908; x_wconf 88' lang='lat' dir='ltr'>titulos</span> <span class='ocrx_word' id='word_1_50' title='bbox 929 1846 1040 1908; x_wconf 82' lang='lat' dir='ltr'>Rornae</span> <span class='ocrx_word' id='word_1_51' title='bbox 1057 1843 1136 1907; x_wconf 83' lang='lat' dir='ltr'>dant</span> 
     </span>
     <span class='ocr_line' id='line_1_12' title="bbox 107 1939 1134 2030; baseline 0.002 -25"><span class='ocrx_word' id='word_1_52' title='bbox 107 1947 329 2026; x_wconf 78' lang='lat' dir='ltr'>indignissimis</span> <span class='ocrx_word' id='word_1_53' title='bbox 349 1948 551 2030; x_wconf 86' lang='lat' dir='ltr'>quibuslibet.</span> <span class='ocrx_word' id='word_1_54' title='bbox 577 1948 652 2029; x_wconf 81' lang='lat' dir='ltr'>Quo</span> <span class='ocrx_word' id='word_1_55' title='bbox 669 1945 860 2029; x_wconf 72' lang='lat' dir='ltr'>compendio</span> <span class='ocrx_word' id='word_1_56' title='bbox 880 1946 1049 2029; x_wconf 81' lang='lat' dir='ltr'>quemdam</span> <span class='ocrx_word' id='word_1_57' title='bbox 1066 1939 1134 2007; x_wconf 80' lang='lat' dir='ltr'>uidi</span> 
     </span>
     <span class='ocr_line' id='line_1_13' title="bbox 110 2045 1132 2130; baseline 0.001 -23"><span class='ocrx_word' id='word_1_58' title='bbox 110 2046 288 2108; x_wconf 81' lang='lat' dir='ltr'>llatisbonae</span> <span class='ocrx_word' id='word_1_59' title='bbox 314 2048 384 2110; x_wconf 90' lang='lat' dir='ltr'>lieri</span> <span class='ocrx_word' id='word_1_60' title='bbox 411 2048 616 2123; x_wconf 81' lang='lat' dir='ltr'>carronieum,</span> <span class='ocrx_word' id='word_1_61' title='bbox 648 2047 721 2130; x_wconf 90' lang='lat' dir='ltr'>quia</span> <span class='ocrx_word' id='word_1_62' title='bbox 752 2048 866 2109; x_wconf 85' lang='lat' dir='ltr'>doctor</span> <span class='ocrx_word' id='word_1_63' title='bbox 891 2047 1001 2110; x_wconf 71' lang='lat' dir='ltr'>Rome</span> <span class='ocrx_word' id='word_1_64' title='bbox 1029 2045 1132 2108; x_wconf 83' lang='lat' dir='ltr'>diottrlt</span> 
     </span>
     <span class='ocr_line' id='line_1_14' title="bbox 105 2145 1132 2231; baseline 0.001 -23"><span class='ocrx_word' id='word_1_65' title='bbox 105 2147 228 2222; x_wconf 82' lang='lat' dir='ltr'>suerat,</span> <span class='ocrx_word' id='word_1_66' title='bbox 248 2149 366 2231; x_wconf 81' lang='lat' dir='ltr'>alioqui</span> <span class='ocrx_word' id='word_1_67' title='bbox 379 2171 444 2209; x_wconf 92' lang='lat' dir='ltr'>non</span> <span class='ocrx_word' id='word_1_68' title='bbox 459 2145 647 2211; x_wconf 84' lang='lat' dir='ltr'>obtinuisset</span> <span class='ocrx_word' id='word_1_69' title='bbox 663 2149 741 2223; x_wconf 91' lang='lat' dir='ltr'>hoe,</span> <span class='ocrx_word' id='word_1_70' title='bbox 761 2146 930 2229; x_wconf 85' lang='lat' dir='ltr'>impeditus</span> <span class='ocrx_word' id='word_1_71' title='bbox 943 2168 1002 2227; x_wconf 88' lang='lat' dir='ltr'>per</span> <span class='ocrx_word' id='word_1_72' title='bbox 1016 2148 1132 2229; x_wconf 81' lang='lat' dir='ltr'>legem,</span> 
     </span>
     <span class='ocr_line' id='line_1_15' title="bbox 105 2247 1132 2333; baseline 0.001 -26"><span class='ocrx_word' id='word_1_73' title='bbox 105 2269 176 2328; x_wconf 77' lang='lat' dir='ltr'>qum</span> <span class='ocrx_word' id='word_1_74' title='bbox 195 2247 299 2327; x_wconf 79' lang='lat' dir='ltr'>rejicit</span> <span class='ocrx_word' id='word_1_75' title='bbox 317 2270 390 2324; x_wconf 88' lang='lat' dir='ltr'>eos,</span> <span class='ocrx_word' id='word_1_76' title='bbox 411 2247 466 2331; x_wconf 85' lang='lat' dir='ltr'>qui</span> <span class='ocrx_word' id='word_1_77' title='bbox 484 2271 590 2333; x_wconf 88' lang='lat' dir='ltr'>neque</span> <span class='ocrx_word' id='word_1_78' title='bbox 613 2269 732 2331; x_wconf 77' lang='lat' dir='ltr'>genere</span> <span class='ocrx_word' id='word_1_79' title='bbox 749 2248 886 2323; x_wconf 86' lang='lat' dir='ltr'>nobiles,</span> <span class='ocrx_word' id='word_1_80' title='bbox 906 2266 1014 2329; x_wconf 87' lang='lat' dir='ltr'>neque</span> <span class='ocrx_word' id='word_1_81' title='bbox 1033 2266 1132 2328; x_wconf 85' lang='lat' dir='ltr'>prop·</span> 
     </span>
     <span class='ocr_line' id='line_1_16' title="bbox 105 2346 1133 2433; baseline 0.003 -28"><span class='ocrx_word' id='word_1_82' title='bbox 105 2360 152 2409; x_wconf 87' lang='lat' dir='ltr'>ter</span> <span class='ocrx_word' id='word_1_83' title='bbox 173 2351 385 2413; x_wconf 86' lang='lat' dir='ltr'>eruditionem</span> <span class='ocrx_word' id='word_1_84' title='bbox 410 2361 483 2413; x_wconf 91' lang='lat' dir='ltr'>suut</span> <span class='ocrx_word' id='word_1_85' title='bbox 502 2351 659 2433; x_wconf 87' lang='lat' dir='ltr'>insigniti,</span> <span class='ocrx_word' id='word_1_86' title='bbox 689 2362 785 2432; x_wconf 84' lang='lat' dir='ltr'>atque</span> <span class='ocrx_word' id='word_1_87' title='bbox 809 2350 859 2410; x_wconf 91' lang='lat' dir='ltr'>ille</span> <span class='ocrx_word' id='word_1_88' title='bbox 884 2349 917 2409; x_wconf 90' lang='lat' dir='ltr'>in</span> <span class='ocrx_word' id='word_1_89' title='bbox 943 2346 1027 2408; x_wconf 79' lang='lat' dir='ltr'>nulla</span> <span class='ocrx_word' id='word_1_90' title='bbox 1046 2346 1133 2408; x_wconf 87' lang='lat' dir='ltr'>botttt</span> 
     </span>
     <span class='ocr_line' id='line_1_17' title="bbox 105 2445 1132 2526; baseline -0.002 -17"><span class='ocrx_word' id='word_1_91' title='bbox 105 2462 169 2511; x_wconf 86' lang='lat' dir='ltr'>arte</span> <span class='ocrx_word' id='word_1_92' title='bbox 192 2452 323 2525; x_wconf 86' lang='lat' dir='ltr'>doctus,</span> <span class='ocrx_word' id='word_1_93' title='bbox 344 2463 464 2513; x_wconf 87' lang='lat' dir='ltr'>tanturn</span> <span class='ocrx_word' id='word_1_94' title='bbox 484 2447 601 2514; x_wconf 77' lang='lat' dir='ltr'>emerat</span> <span class='ocrx_word' id='word_1_95' title='bbox 621 2450 743 2512; x_wconf 85' lang='lat' dir='ltr'>titulum</span> <span class='ocrx_word' id='word_1_96' title='bbox 762 2451 856 2510; x_wconf 81' lang='lat' dir='ltr'>burte.</span> <span class='ocrx_word' id='word_1_97' title='bbox 894 2449 968 2526; x_wconf 81' lang='lat' dir='ltr'>Quo</span> <span class='ocrx_word' id='word_1_98' title='bbox 989 2446 1016 2508; x_wconf 88' lang='lat' dir='ltr'>si</span> <span class='ocrx_word' id='word_1_99' title='bbox 1030 2445 1132 2526; x_wconf 77' lang='lat' dir='ltr'>respi-</span> 
     </span>
     <span class='ocr_line' id='line_1_18' title="bbox 105 2546 1131 2629; baseline 0.004 -21"><span class='ocrx_word' id='word_1_100' title='bbox 105 2561 192 2609; x_wconf 80' lang='lat' dir='ltr'>reret</span> <span class='ocrx_word' id='word_1_101' title='bbox 218 2553 294 2625; x_wconf 85' lang='lat' dir='ltr'>lex,</span> <span class='ocrx_word' id='word_1_102' title='bbox 329 2572 500 2629; x_wconf 85' lang='lat' dir='ltr'>possemus</span> <span class='ocrx_word' id='word_1_103' title='bbox 522 2562 555 2611; x_wconf 88' lang='lat' dir='ltr'>et</span> <span class='ocrx_word' id='word_1_104' title='bbox 583 2571 642 2614; x_wconf 90' lang='lat' dir='ltr'>nos</span> <span class='ocrx_word' id='word_1_105' title='bbox 671 2562 798 2614; x_wconf 89' lang='lat' dir='ltr'>nostros</span> <span class='ocrx_word' id='word_1_106' title='bbox 823 2547 873 2611; x_wconf 86' lang='lat' dir='ltr'>hic</span> <span class='ocrx_word' id='word_1_107' title='bbox 900 2547 1005 2610; x_wconf 85' lang='lat' dir='ltr'>asinos</span> <span class='ocrx_word' id='word_1_108' title='bbox 1033 2546 1131 2613; x_wconf 80' lang='lat' dir='ltr'>sacru</span> 
     </span>
     <span class='ocr_line' id='line_1_19' title="bbox 107 2646 1131 2725; baseline -0.001 -15"><span class='ocrx_word' id='word_1_109' title='bbox 107 2652 297 2724; x_wconf 80' lang='lat' dir='ltr'>admovere,</span> <span class='ocrx_word' id='word_1_110' title='bbox 328 2652 384 2711; x_wconf 90' lang='lat' dir='ltr'>sed</span> <span class='ocrx_word' id='word_1_111' title='bbox 411 2651 545 2714; x_wconf 80' lang='lat' dir='ltr'>fortasse</span> <span class='ocrx_word' id='word_1_112' title='bbox 574 2654 744 2725; x_wconf 89' lang='lat' dir='ltr'>nollemus;</span> <span class='ocrx_word' id='word_1_113' title='bbox 777 2652 881 2714; x_wconf 85' lang='lat' dir='ltr'>Roma</span> <span class='ocrx_word' id='word_1_114' title='bbox 899 2670 979 2711; x_wconf 88' lang='lat' dir='ltr'>vero</span> <span class='ocrx_word' id='word_1_115' title='bbox 1009 2646 1131 2711; x_wconf 63' lang='lat' dir='ltr'>anull&amp;</span> 
     </span>
     <span class='ocr_line' id='line_1_20' title="bbox 106 2748 1131 2832; baseline -0.001 -21"><span class='ocrx_word' id='word_1_116' title='bbox 106 2752 252 2811; x_wconf 86' lang='lat' dir='ltr'>abhorret</span> <span class='ocrx_word' id='word_1_117' title='bbox 287 2751 513 2830; x_wconf 75' lang='lat' dir='ltr'>peruersitate,</span> <span class='ocrx_word' id='word_1_118' title='bbox 550 2764 583 2813; x_wconf 90' lang='lat' dir='ltr'>et</span> <span class='ocrx_word' id='word_1_119' title='bbox 610 2754 676 2831; x_wconf 80' lang='lat' dir='ltr'>sola</span> <span class='ocrx_word' id='word_1_120' title='bbox 704 2751 810 2814; x_wconf 84' lang='lat' dir='ltr'>alienis</span> <span class='ocrx_word' id='word_1_121' title='bbox 841 2750 958 2814; x_wconf 77' lang='lat' dir='ltr'>fruitur</span> <span class='ocrx_word' id='word_1_122' title='bbox 989 2748 1131 2832; x_wconf 77' lang='lat' dir='ltr'>piaculis.</span> 
     </span>
     <span class='ocr_line' id='line_1_21' title="bbox 106 2847 1132 2933; baseline -0.002 -20"><span class='ocrx_word' id='word_1_123' title='bbox 106 2855 173 2913; x_wconf 79' lang='lat' dir='ltr'>Nec</span> <span class='ocrx_word' id='word_1_124' title='bbox 202 2852 280 2912; x_wconf 91' lang='lat' dir='ltr'>ullus</span> <span class='ocrx_word' id='word_1_125' title='bbox 309 2863 370 2913; x_wconf 89' lang='lat' dir='ltr'>tam</span> <span class='ocrx_word' id='word_1_126' title='bbox 397 2863 501 2933; x_wconf 87' lang='lat' dir='ltr'>potest</span> <span class='ocrx_word' id='word_1_127' title='bbox 531 2850 679 2933; x_wconf 89' lang='lat' dir='ltr'>impedite</span> <span class='ocrx_word' id='word_1_128' title='bbox 707 2848 804 2930; x_wconf 85' lang='lat' dir='ltr'>objici</span> <span class='ocrx_word' id='word_1_129' title='bbox 834 2852 1022 2930; x_wconf 86' lang='lat' dir='ltr'>serupulus,</span> <span class='ocrx_word' id='word_1_130' title='bbox 1052 2847 1132 2932; x_wconf 89' lang='lat' dir='ltr'>quin</span> 
     </span>
     <span class='ocr_line' id='line_1_22' title="bbox 107 2947 1137 3042; baseline 0 -30"><span class='ocrx_word' id='word_1_131' title='bbox 107 2951 185 3012; x_wconf 83' lang='lat' dir='ltr'>ratio</span> <span class='ocrx_word' id='word_1_132' title='bbox 208 2952 265 3025; x_wconf 88' lang='lat' dir='ltr'>sit,</span> <span class='ocrx_word' id='word_1_133' title='bbox 287 2973 357 3034; x_wconf 79' lang='lat' dir='ltr'>qua.</span> <span class='ocrx_word' id='word_1_134' title='bbox 377 2973 450 3014; x_wconf 89' lang='lat' dir='ltr'>eum</span> <span class='ocrx_word' id='word_1_135' title='bbox 470 2956 570 3014; x_wconf 86' lang='lat' dir='ltr'>solvat</span> <span class='ocrx_word' id='word_1_136' title='bbox 588 2952 644 3014; x_wconf 93' lang='lat' dir='ltr'>ibi.</span> <span class='ocrx_word' id='word_1_137' title='bbox 682 2951 735 3012; x_wconf 89' lang='lat' dir='ltr'>Fit</span> <span class='ocrx_word' id='word_1_138' title='bbox 753 2962 785 3012; x_wconf 88' lang='lat' dir='ltr'>et</span> <span class='ocrx_word' id='word_1_139' title='bbox 803 2949 837 3010; x_wconf 90' lang='lat' dir='ltr'>in</span> <span class='ocrx_word' id='word_1_140' title='bbox 857 2949 892 3010; x_wconf 87' lang='lat' dir='ltr'>iis</span> <span class='ocrx_word' id='word_1_141' title='bbox 908 2950 1051 3029; x_wconf 79' lang='lat' dir='ltr'>pontiflci</span> <span class='ocrx_word' id='word_1_142' title='bbox 1069 2947 1137 3042; x_wconf 75' lang='lat' dir='ltr'>juo5</span> 
     </span>
     <span class='ocr_line' id='line_1_23' title="bbox 106 3050 1128 3136; baseline 0.001 -25"><span class='ocrx_word' id='word_1_143' title='bbox 106 3073 174 3133; x_wconf 80' lang='lat' dir='ltr'>qure</span> <span class='ocrx_word' id='word_1_144' title='bbox 203 3053 369 3132; x_wconf 84' lang='lat' dir='ltr'>possidens</span> <span class='ocrx_word' id='word_1_145' title='bbox 397 3053 530 3136; x_wconf 83' lang='lat' dir='ltr'>aliquis,</span> <span class='ocrx_word' id='word_1_146' title='bbox 564 3064 728 3136; x_wconf 84' lang='lat' dir='ltr'>uteunque</span> <span class='ocrx_word' id='word_1_147' title='bbox 758 3059 902 3112; x_wconf 87' lang='lat' dir='ltr'>mortuus</span> <span class='ocrx_word' id='word_1_148' title='bbox 932 3050 1044 3112; x_wconf 73' lang='lat' dir='ltr'>Rome</span> <span class='ocrx_word' id='word_1_149' title='bbox 1071 3062 1128 3126; x_wconf 86' lang='lat' dir='ltr'>est,</span> 
     </span>
     <span class='ocr_line' id='line_1_24' title="bbox 106 3150 1132 3234; baseline -0.001 -21"><span class='ocrx_word' id='word_1_150' title='bbox 106 3164 158 3213; x_wconf 89' lang='lat' dir='ltr'>ant</span> <span class='ocrx_word' id='word_1_151' title='bbox 177 3153 215 3214; x_wconf 91' lang='lat' dir='ltr'>ab</span> <span class='ocrx_word' id='word_1_152' title='bbox 235 3153 315 3215; x_wconf 88' lang='lat' dir='ltr'>urbe</span> <span class='ocrx_word' id='word_1_153' title='bbox 336 3154 460 3217; x_wconf 84' lang='lat' dir='ltr'>diemrm</span> <span class='ocrx_word' id='word_1_154' title='bbox 486 3154 599 3218; x_wconf 89' lang='lat' dir='ltr'>itinere</span> <span class='ocrx_word' id='word_1_155' title='bbox 626 3155 773 3218; x_wconf 88' lang='lat' dir='ltr'>duorum.</span> <span class='ocrx_word' id='word_1_156' title='bbox 811 3150 874 3215; x_wconf 89' lang='lat' dir='ltr'>Ubi</span> <span class='ocrx_word' id='word_1_157' title='bbox 896 3151 973 3234; x_wconf 85' lang='lat' dir='ltr'>quid</span> <span class='ocrx_word' id='word_1_158' title='bbox 998 3159 1132 3230; x_wconf 77' lang='lat' dir='ltr'>possunt</span> 
     </span>
     <span class='ocr_line' id='line_1_25' title="bbox 109 3250 1160 3341; baseline 0.008 -30"><span class='ocrx_word' id='word_1_159' title='bbox 109 3255 254 3316; x_wconf 71' lang='lat' dir='ltr'>senona?</span> <span class='ocrx_word' id='word_1_160' title='bbox 285 3255 363 3338; x_wconf 88' lang='lat' dir='ltr'>quid</span> <span class='ocrx_word' id='word_1_161' title='bbox 389 3255 623 3337; x_wconf 77' lang='lat' dir='ltr'>grassationes?</span> <span class='ocrx_word' id='word_1_162' title='bbox 648 3255 724 3341; x_wconf 89' lang='lat' dir='ltr'>quid</span> <span class='ocrx_word' id='word_1_163' title='bbox 742 3254 801 3319; x_wconf 77' lang='lat' dir='ltr'>elia</span> <span class='ocrx_word' id='word_1_164' title='bbox 822 3252 902 3317; x_wconf 82' lang='lat' dir='ltr'>urbe</span> <span class='ocrx_word' id='word_1_165' title='bbox 929 3250 1046 3336; x_wconf 83' lang='lat' dir='ltr'>passim</span> <span class='ocrx_word' id='word_1_166' title='bbox 1064 3262 1131 3316; x_wconf 75' lang='lat' dir='ltr'>tota</span> <span class='ocrx_word' id='word_1_167' title='bbox 1158 3314 1160 3319; x_wconf 89' lang='lat'>.</span> 
     </span>
     <span class='ocr_line' id='line_1_26' title="bbox 107 3353 227 3414; baseline 0.017 -2"><span class='ocrx_word' id='word_1_168' title='bbox 107 3353 227 3414; x_wconf 79' lang='lat' dir='ltr'>obvia?</span> 
     </span>
    </p>

    <p class='ocr_par' dir='ltr' id='par_1_8' title="bbox 501 3457 720 3520">
     <span class='ocr_line' id='line_1_27' title="bbox 501 3457 720 3520; baseline -0.014 0"><span class='ocrx_word' id='word_1_169' title='bbox 501 3458 502 3462; x_wconf 69' lang='grc'>’</span> <span class='ocrx_word' id='word_1_170' title='bbox 527 3457 720 3520; x_wconf 90' lang='lat' dir='ltr'>Ernhold.</span> 
     </span>
    </p>

    <p class='ocr_par' dir='ltr' id='par_1_9' title="bbox 106 3550 1132 3816">
     <span class='ocr_line' id='line_1_28' title="bbox 179 3550 1132 3642; baseline -0.001 -29"><span class='ocrx_word' id='word_1_171' title='bbox 179 3552 317 3617; x_wconf 86' lang='lat' dir='ltr'>Multum</span> <span class='ocrx_word' id='word_1_172' title='bbox 344 3557 501 3634; x_wconf 82' lang='lat' dir='ltr'>arbitror,</span> <span class='ocrx_word' id='word_1_173' title='bbox 540 3579 607 3642; x_wconf 87' lang='lat' dir='ltr'>quo</span> <span class='ocrx_word' id='word_1_174' title='bbox 640 3554 781 3619; x_wconf 85' lang='lat' dir='ltr'>securius</span> <span class='ocrx_word' id='word_1_175' title='bbox 817 3554 985 3637; x_wconf 80' lang='lat' dir='ltr'>agebamus</span> <span class='ocrx_word' id='word_1_176' title='bbox 1021 3550 1132 3614; x_wconf 71' lang='lat' dir='ltr'>Romu</span> 
     </span>
     <span class='ocr_line' id='line_1_29' title="bbox 106 3650 1132 3735; baseline -0.001 -22"><span class='ocrx_word' id='word_1_177' title='bbox 106 3674 182 3728; x_wconf 90' lang='lat' dir='ltr'>nos,</span> <span class='ocrx_word' id='word_1_178' title='bbox 207 3657 280 3735; x_wconf 78' lang='lat' dir='ltr'>qiua</span> <span class='ocrx_word' id='word_1_179' title='bbox 300 3657 384 3716; x_wconf 85' lang='lat' dir='ltr'>enim</span> <span class='ocrx_word' id='word_1_180' title='bbox 401 3657 577 3721; x_wconf 81' lang='lat' dir='ltr'>sacerdotia</span> <span class='ocrx_word' id='word_1_181' title='bbox 596 3664 663 3720; x_wconf 82' lang='lat' dir='ltr'>n&#39;on</span> <span class='ocrx_word' id='word_1_182' title='bbox 681 3654 890 3733; x_wconf 79' lang='lat' dir='ltr'>habebamus,</span> <span class='ocrx_word' id='word_1_183' title='bbox 918 3650 1046 3718; x_wconf 77' lang='lat' dir='ltr'>insidIas</span> <span class='ocrx_word' id='word_1_184' title='bbox 1065 3668 1132 3714; x_wconf 91' lang='lat' dir='ltr'>non</span> 
     </span>
     <span class='ocr_line' id='line_1_30' title="bbox 106 3748 1130 3816; baseline 0.005 -6"><span class='ocrx_word' id='word_1_185' title='bbox 106 3755 307 3816; x_wconf 81' lang='lat' dir='ltr'>verebamur.</span> <span class='ocrx_word' id='word_1_186' title='bbox 1118 3748 1130 3761; x_wconf 78' lang='lat'>&#39;</span> 
     </span>
    </p>

    <p class='ocr_par' dir='ltr' id='par_1_10' title="bbox 536 3856 700 3921">
     <span class='ocr_line' id='line_1_31' title="bbox 536 3856 700 3921; baseline 0.006 -3"><span class='ocrx_word' id='word_1_187' title='bbox 536 3856 700 3921; x_wconf 87' lang='lat' dir='ltr'>Hutten.</span> 
     </span>
    </p>

    <p class='ocr_par' dir='ltr' id='par_1_11' title="bbox 103 3954 1134 4434">
     <span class='ocr_line' id='line_1_32' title="bbox 177 3954 1134 4037; baseline -0.006 -21"><span class='ocrx_word' id='word_1_188' title='bbox 177 3955 240 4016; x_wconf 90' lang='lat' dir='ltr'>Sed</span> <span class='ocrx_word' id='word_1_189' title='bbox 262 3956 302 4017; x_wconf 90' lang='lat' dir='ltr'>de</span> <span class='ocrx_word' id='word_1_190' title='bbox 323 3954 573 4019; x_wconf 86' lang='lat' dir='ltr'>sacerdotiorum</span> <span class='ocrx_word' id='word_1_191' title='bbox 600 3956 818 4020; x_wconf 80' lang='lat' dir='ltr'>vacationibus</span> <span class='ocrx_word' id='word_1_192' title='bbox 844 3972 993 4037; x_wconf 82' lang='lat' dir='ltr'>magnum</span> <span class='ocrx_word' id='word_1_193' title='bbox 1012 3962 1075 4026; x_wconf 85' lang='lat' dir='ltr'>est,</span> <span class='ocrx_word' id='word_1_194' title='bbox 1101 3956 1134 4010; x_wconf 86' lang='lat' dir='ltr'>et</span> 
     </span>
     <span class='ocr_line' id='line_1_33' title="bbox 103 4050 1132 4140; baseline 0 -23"><span class='ocrx_word' id='word_1_195' title='bbox 103 4055 300 4118; x_wconf 70' lang='lat' dir='ltr'>fructuosum</span> <span class='ocrx_word' id='word_1_196' title='bbox 330 4055 364 4117; x_wconf 91' lang='lat' dir='ltr'>iu</span> <span class='ocrx_word' id='word_1_197' title='bbox 399 4055 631 4120; x_wconf 84' lang='lat' dir='ltr'>cursitanorum</span> <span class='ocrx_word' id='word_1_198' title='bbox 666 4055 867 4140; x_wconf 81' lang='lat' dir='ltr'>providentia</span> <span class='ocrx_word' id='word_1_199' title='bbox 901 4050 1067 4136; x_wconf 89' lang='lat' dir='ltr'>pontiliei,</span> <span class='ocrx_word' id='word_1_200' title='bbox 1099 4066 1132 4117; x_wconf 80' lang='lat' dir='ltr'>et</span> 
     </span>
     <span class='ocr_line' id='line_1_34' title="bbox 104 4147 1132 4236; baseline -0.003 -23"><span class='ocrx_word' id='word_1_201' title='bbox 104 4157 313 4219; x_wconf 71' lang='lat' dir='ltr'>cardinalibus</span> <span class='ocrx_word' id='word_1_202' title='bbox 343 4155 542 4236; x_wconf 78' lang='lat' dir='ltr'>praesidium,</span> <span class='ocrx_word' id='word_1_203' title='bbox 579 4159 680 4222; x_wconf 83' lang='lat' dir='ltr'>statim</span> <span class='ocrx_word' id='word_1_204' title='bbox 710 4155 880 4233; x_wconf 85' lang='lat' dir='ltr'>deferunt,</span> <span class='ocrx_word' id='word_1_205' title='bbox 913 4152 1012 4236; x_wconf 90' lang='lat' dir='ltr'>quod·</span> <span class='ocrx_word' id='word_1_206' title='bbox 1031 4147 1132 4233; x_wconf 74' lang='lat' dir='ltr'>siquis</span> 
     </span>
     <span class='ocr_line' id='line_1_35' title="bbox 105 4247 1133 4342; baseline -0.003 -30"><span class='ocrx_word' id='word_1_207' title='bbox 105 4275 210 4336; x_wconf 87' lang='lat' dir='ltr'>neque</span> <span class='ocrx_word' id='word_1_208' title='bbox 228 4277 326 4318; x_wconf 86' lang='lat' dir='ltr'>senex</span> <span class='ocrx_word' id='word_1_209' title='bbox 343 4255 399 4332; x_wconf 89' lang='lat' dir='ltr'>sit,</span> <span class='ocrx_word' id='word_1_210' title='bbox 420 4278 528 4342; x_wconf 89' lang='lat' dir='ltr'>neque</span> <span class='ocrx_word' id='word_1_211' title='bbox 548 4269 699 4340; x_wconf 74' lang='lat' dir='ltr'>aegrotet,</span> <span class='ocrx_word' id='word_1_212' title='bbox 726 4257 767 4320; x_wconf 88' lang='lat' dir='ltr'>ita</span> <span class='ocrx_word' id='word_1_213' title='bbox 786 4267 820 4319; x_wconf 87' lang='lat' dir='ltr'>nt</span> <span class='ocrx_word' id='word_1_214' title='bbox 837 4254 872 4318; x_wconf 92' lang='lat' dir='ltr'>in</span> <span class='ocrx_word' id='word_1_215' title='bbox 890 4250 1045 4335; x_wconf 82' lang='lat' dir='ltr'>longioris</span> <span class='ocrx_word' id='word_1_216' title='bbox 1061 4247 1133 4310; x_wconf 67' lang='lat' dir='ltr'>vitu</span> 
     </span>
     <span class='ocr_line' id='line_1_36' title="bbox 105 4347 1133 4434; baseline 0 -23"><span class='ocrx_word' id='word_1_217' title='bbox 105 4354 315 4432; x_wconf 87' lang='lat' dir='ltr'>suspicionem</span> <span class='ocrx_word' id='word_1_218' title='bbox 347 4358 473 4433; x_wconf 84' lang='lat' dir='ltr'>veniat,</span> <span class='ocrx_word' id='word_1_219' title='bbox 507 4368 574 4420; x_wconf 92' lang='lat' dir='ltr'>tum</span> <span class='ocrx_word' id='word_1_220' title='bbox 603 4378 684 4421; x_wconf 82' lang='lat' dir='ltr'>vero</span> <span class='ocrx_word' id='word_1_221' title='bbox 718 4348 1061 4434; x_wconf 71' lang='lat' dir='ltr'>commentitiri&#39;sliqua</span> <span class='ocrx_word' id='word_1_222' title='bbox 1091 4347 1133 4412; x_wconf 81' lang='lat' dir='ltr'>do</span> 
     </span>
    </p>
   </div>
   <div class='ocr_carea' id='block_1_3' title="bbox 0 0 1320 5086">
    <p class='ocr_par' dir='ltr' id='par_1_12' title="bbox 0 0 1320 5086">
     <span class='ocr_line' id='line_1_37' title="bbox 0 0 1320 5086; baseline 0 0"><span class='ocrx_word' id='word_1_223' title='bbox 0 0 1320 5086; x_wconf 95' lang='lat' dir='ltr'> </span> 
     </span>
    </p>
   </div>
  </div>
 </body>
</html>
