2632 5086
63 768 77 795 ⁴
117 776 184 919 ff
229 834 302 903 228
470 823 526 895 Ad
549 822 648 894 Paul.
671 818 816 893 Ricium
839 820 1015 917 Epistola.

20 962 57 1011 f„

230 1012 534 1089 intercessionibus,
581 1011 730 1076 adscribi·
755 1012 788 1076 in
823 1011 905 1074 itlius
948 1011 1138 1074 comitatum.
1191 1011 1254 1073 Sed

229 1134 336 1197 neque
368 1113 533 1196 impetravi
560 1115 645 1188 hoc,
677 1132 784 1195 neque
815 1134 865 1176 me
895 1113 975 1187 itte,
1012 1134 1111 1196 quum
1140 1112 1253 1173 militie

53 1216 58 1227 '
169 1284 172 1289 ,
229 1235 374 1298 agerem,
403 1236 522 1277 summa
540 1235 612 1275 eum
630 1213 753 1292 iuopia,
779 1234 815 1274 ac
834 1225 906 1275 aute
925 1212 1022 1293 ipsius
1042 1215 1152 1275 oculos
1171 1235 1254 1294 supe

230 1316 485 1390 obambularent,
505 1313 775 1387 minutatione,
794 1324 848 1374 ιιιιῐ
863 1326 1009 1396 respectu
1029 1314 1175 1396 diguatus
1194 1327 1252 1376 est.

230 1415 260 1477 'l'
263 1427 369 1477 autum
388 1414 504 1489 abfuit,
535 1417 689 1487 horrorem
708 1425 743 1476 ut
763 1413 899 1477 invicem
918 1414 1061 1487 haberet,
1091 1416 1137 1476 sic
1157 1417 1197 1476 de
1218 1437 1252 1475 se

229 1516 353 1578 merito.
398 1513 483 1577 Huic
509 1524 542 1575 tu
572 1514 619 1575 vis
648 1515 746 1577 libros
778 1534 867 1576 meos
896 1512 1058 1575 adscribi?
1090 1524 1146 1575 eut
1167 1515 1252 1575 huuc

228 1636 279 1677 me
305 1616 394 1677 voles
421 1612 561 1678 ornare?
591 1613 762 1695 presertim
782 1634 880 1697 quum
899 1614 960 1675 hoc
979 1612 1031 1674 iiie
1054 1633 1121 1673 non
1141 1626 1251 1694 postu-

227 1716 291 1789 let,
321 1726 357 1776 ut
387 1713 443 1796 qui
470 1713 557 1777 domi
583 1736 645 1776 sure
671 1714 797 1789 lrabeat,
828 1712 884 1797 qui
911 1715 973 1776 hoe
990 1712 1131 1789 faciunt,
1163 1715 1250 1777 ilium

225 1811 368 1896 inprimis
404 1814 644 1890 Bartholinum,
688 1811 891 1876 Conventum
929 1815 1163 1896 Augustensem
1192 1814 1251 1896 'qui

226 1914 418 1995 descripsit,
450 1913 506 1976 ubi
536 1925 656 1977 tautum
683 1913 770 1976 ilium
795 1914 911 1988 effert3
937 1924 973 1975 ut
999 1914 1251 1987 noumodicum

226 2006 294 2078 attii
313 2015 462 2077 detrahat.
507 2015 565 2077 Me
592 2013 720 2097 quidem
746 2036 838 2077 suum
866 2016 999 2095 appellet
1024 2013 1118 2089 inibi,
1150 2025 1248 2092 retus,

225 2112 271 2177 tic
297 2114 387 2189 tore,
421 2124 456 2176 ut
482 2134 548 2175 non
574 2113 705 2177 sentiam
730 2117 887 2178 oecultum
912 2117 1079 2199 quemdam
1098 2136 1249 2180 morsum.

225 2211 424 2297 Quemquam
443 2233 510 2274 non
528 2213 677 2294 ignorare
697 2215 794 2279 debes
813 2228 864 2292 tu,
897 2215 940 2280 ite
957 2216 1032 2279 mihi
1051 2218 1193 2298 placere,
1221 2216 1249 2279 si

220 2332 276 2380 me
295 2335 389 2378 suum
414 2312 499 2375 dicet
523 2315 742 2392 Bartholinue,
773 2327 810 2378 ut
834 2316 959 2380 interim
984 2338 1049 2379 non
1074 2314 1246 2397 displicent,

184 2476 194 2499 ,
225 2413 403 2479 sinistrum
428 2434 478 2477 me
498 2413 588 2498 quod
605 2414 658 2490 fit,
688 2427 741 2477 aut
764 2416 870 2480 ltalice
890 2419 980 2501 quod
999 2420 1043 2481 fit.
1081 2416 1144 2495 Sed
1163 2417 1246 2480 desi-

223 2538 296 2579 rium
320 2518 421 2596 plura.
468 2518 521 2578 Tu
548 2516 635 2598 quod
664 2515 758 2601 faeie,
791 2517 875 2580 iuter
899 2518 1088 2581 medendum
1113 2517 1246 2599 Guajaei

223 2626 367 2678 naturam
387 2615 550 2688 omnibus,
576 2624 613 2677 ut
630 2615 673 2678 ita
690 2616 811 2693 dicam,
837 2618 978 2702 vestigiis
996 2619 1132 2703 inquire.
1171 2622 1245 2704 Ego

224 2714 374 2797 quidem,
394 2725 430 2776 ut
448 2715 595 2790 voluisti,
622 2735 692 2799 que
710 2716 773 2797 jem
792 2721 954 2800 exploratu
972 2720 1178 2796 habebamus,
1207 2743 1246 2785 ea

223 2813 257 2876 in
276 2812 383 2877 literas
408 2814 512 2878 retuli.
552 2815 604 2878 Tu
623 2817 723 2895 adde,
754 2842 823 2904 que
844 2822 1040 2904 experientia
1058 2842 1245 2907 cognosces,

223 2929 260 2975 ee
278 2914 453 2978 Hutteuum
472 2937 557 2991 ama,
584 2916 739 2983 umenter‘u
757 2934 789 2985 te
806 2920 949 2988 mirifice.
985 2925 1138 3007 Auguste
1164 2924 1245 2988 ldih.

223 3014 309 3079 Nor.
326 3016 390 3080 An.
408 3017 458 3081 M.
477 3019 520 3081 D.
538 3020 632 3082 xlx.
