2632 5086
534 781 710 882 Epistola.
1062 795 1133 865 2¹6

106 976 199 1042 seriis
219 977 373 1038 utendum
393 987 457 1050 est,
483 975 559 1039 nibil
577 976 630 1039 illo
649 978 844 1055 consultius,
872 980 941 1042 sive
959 980 1063 1043 visum
1085 990 1135 1047 est

109 1080 176 1161 regi
199 1078 313 1140 sabulis
344 1076 568 1140 amoenioribus
590 1081 697 1141 laxare
717 1079 871 1156 animum,
900 1083 1004 1144 nullus
1024 1102 1135 1149 comes

107 1180 264 1243 festivior.
305 1180 393 1259 Saepe
414 1200 466 1240 res
486 1179 590 1242 ardue
610 1177 748 1257 judicem
769 1200 899 1263 gravem
918 1191 949 1242 et
970 1182 1134 1245 cordatum

106 1281 285 1361 postulant,
305 1280 360 1340 has
378 1279 424 1340 sic
440 1278 560 1336 Morus
578 1278 720 1353 discutit,
740 1291 775 1341 ut
787 1291 923 1363 utraque
937 1301 1009 1361 pars
1023 1280 1135 1344 lrabeat

107 1381 247 1463 gratiam.
297 1380 366 1442 Nec
397 1390 501 1441 tamen
532 1379 571 1439 ab
601 1400 642 1440 eo
670 1379 838 1462 qnisquam
866 1381 1064 1463 impetravit,
1098 1390 1135 1443 ut

106 1503 219 1545 munus
245 1503 263 1542 a
285 1501 448 1563 quoquam
471 1480 638 1560 acciperet.
688 1480 811 1556 Felices
839 1502 890 1543 res
919 1481 1077 1562 publicas,
1106 1481 1135 1549 ei

105 1591 200 1645 Mori
233 1580 349 1643 similes
387 1582 587 1659 magistratus
620 1579 739 1664 ubique
768 1583 942 1662 praeficeret
976 1582 1134 1663 princeps.

105 1682 173 1744 Nec
192 1681 318 1744 interim
338 1683 436 1743 ullum
458 1681 589 1744 accessit
604 1679 817 1761 supercilium.
855 1682 941 1744 Inter
959 1694 1058 1747 tantae
1077 1702 1133 1746 ne·

105 1783 266 1863 gotiorum
290 1785 388 1843 moles
408 1794 440 1844 et
466 1793 610 1844 veterum
632 1780 837 1842 amiculorum
858 1781 1016 1856 meminit,
1041 1784 1134 1857 etad

105 1884 208 1946 literas
230 1884 383 1944 adamatas
402 1881 537 1944 subinde
555 1883 646 1945 redit.
687 1882 849 1965 Onicqnid
866 1882 1018 1966 dignitate
1038 1885 1132 1961 velet,

105 1983 259 2066 quiequid
274 1984 358 2062 apud
376 1984 596 2063 amplissimum
617 2004 725 2066 regem
741 1984 841 2060 gratia
860 1985 972 2066 pollet,
990 1983 1023 2045 id
1037 2004 1133 2051 omne

105 2084 267 2162 juvandas,
302 2084 481 2164 reipublice
505 2083 651 2164 jrrvandis
675 2087 781 2148 amieis
801 2087 963 2166 impendit.
1000 2087 1132 2166 Semper

106 2185 233 2268 quidem
252 2185 354 2246 adfuit
380 2184 500 2247 errimus
524 2187 565 2247 de
589 2187 709 2248 eunctis
729 2187 811 2248 bene
830 2186 972 2249 merendi
991 2186 1148 2268 cupidie·'

104 2286 217 2360 simus,
245 2286 389 2368 mireque
423 2288 614 2364 promised
638 2287 905 2350 misericordiam:
942 2309 1015 2350 eum
1044 2307 1131 2351 nune

103 2387 200 2470 magis
219 2389 355 2457 exserit,
383 2388 512 2470 quando
537 2399 643 2468 potest
665 2390 734 2468 plus
760 2387 924 2468 prodesse.
961 2389 1052 2451 Alios
1073 2406 1129 2469 po-

105 2488 195 2550 cunia
223 2489 382 2560 sublevat,
411 2488 488 2548 alios
511 2489 696 2549 auctoritate
716 2499 841 2563 tuetur,
869 2488 947 2552 alios
970 2508 1129 2551 commen·

104 2589 229 2651 datione
256 2588 420 2668 provebit,
451 2608 534 2670 qnos
562 2588 679 2669 alioqui
703 2587 814 2670 juvare
841 2608 907 2652 non
933 2599 1055 2670 potest,
1079 2589 1128 2653 his

102 2689 236 2752 oonsilio
259 2687 436 2749 succurrit:
462 2690 583 2749 nullum
602 2710 741 2770 unquam
767 2711 786 2752 a
808 2712 843 2753 se
862 2691 982 2754 tristem
1002 2687 1129 2769 dimieie

103 2788 255 2862 Dicerem,
274 2797 408 2852 Morum
426 2809 497 2851 esse
523 2788 684 2868 publicum
708 2790 849 2853 omnium
870 2791 1001 2872 inopum
1021 2804 1128 2872 patro·

104 2910 190 2952 num.
217 2889 333 2971 Ingens
346 2891 467 2951 lucrum
484 2888 546 2951 sibi
562 2901 650 2969 putat
665 2891 848 2966 accessisse,
870 2892 1006 2975 siquem
1017 2912 1128 2973 opres-

102 3013 171 3054 sum
190 2990 382 3065 sublevevit‚
403 2990 429 3051 si
448 2993 634 3073 perplexum
654 3002 686 3053 et
706 2990 890 3070 impeditum
910 2993 1080 3073 explicuit,
1099 2993 1126 3055 si

100 3094 267 3156 alienatum
289 3092 416 3174 redegit
441 3093 473 3152 in
500 3092 642 3173 gratiam.
680 3093 783 3153 Nemo
809 3092 969 3154 lubentius
993 3093 1127 3154 collocat

99 3194 307 3268 beneficium,
331 3214 426 3254 neruo
448 3192 553 3255 minus
575 3193 758 3271 exprobrat.
795 3193 865 3255 Jam
892 3214 965 3254 cum
992 3189 1040 3255 rot
1066 3212 1126 3254 no-

98 3296 233 3358 minihus
254 3295 297 3356 sit
323 3292 522 3356 felicissimus
552 3304 583 3353 ct
612 3291 769 3356 felicitatis
796 3314 903 3357 comes
929 3294 1000 3370 lere
1025 3295 1126 3357 soleat

99 3418 168 3459 esse
187 3395 349 3476 jactantia,
374 3395 495 3455 nullum
514 3395 615 3456 adhue
634 3394 812 3458 mortalium
828 3394 905 3456 milri
921 3394 1032 3457 videre
1047 3414 1125 3456 con·

99 3497 187 3580 tigit,
210 3497 266 3580 qni
291 3495 419 3574 longius
444 3496 569 3556 abesset
590 3495 711 3556 abhoc
733 3494 824 3557 vitio.
861 3496 925 3558 Sed
942 3496 983 3557 a'd
1002 3493 1123 3559 studio-

101 3620 169 3660 rnm
194 3597 527 3659 commemorationem
543 3595 663 3666 redeo,
692 3606 764 3677 quae
781 3616 831 3656 me
857 3605 958 3660 More
981 3594 1122 3680 mihique

101 3705 235 3759 Morum
250 3698 446 3778 potissimum
457 3694 674 3758 conciliarunt.
700 3695 838 3759 Primam
853 3706 972 3759 etatem
983 3698 1120 3759 carmine

100 3795 296 3875 potissimum
320 3798 481 3872 exercuit,
513 3818 588 3859 mox
616 3796 670 3858 diu
690 3799 824 3858 luctatus
848 3787 921 3870 est,¹
937 3809 973 3858 nt
995 3816 1121 3876 prosam

100 3896 277 3958 orationem
294 3899 442 3960 redderet
462 3897 658 3971 molliorem,
686 3916 745 3978 per
773 3917 867 3959 omne
887 3898 995 3975 scripti
1019 3916 1121 3980 genus

96 3999 211 4077 stylum
227 4017 397 4072 exercens,
418 3997 476 4082 qui
492 3996 673 4074 cujusmodi
687 3997 744 4071 sit,
763 3997 842 4080 quid
858 3997 965 4059 attinet
984 4015 1122 4060 comme-

64 4124 68 4129 ·
94 4099 250 4163 morare?
280 4099 337 4161 tibi
357 4098 530 4179 praesertim
554 4098 611 4182 qui
629 4097 728 4160 libros
753 4096 824 4176 ejus
853 4120 978 4178 semper
1006 4098 1121 4163 habeas

95 4200 127 4261 in
150 4200 309 4264 manibus.
355 4199 643 4263 Declamationibus
672 4199 831 4281 praecipue
861 4198 1034 4263 delectatus
1062 4210 1120 4277 est,
1158 4228 1175 4241 <-

98 4311 128 4360 et
144 4302 176 4363 in
195 4302 243 4366 his
258 4302 396 4364 materiis
413 4312 547 4377 adorsis,
573 4298 661 4382 quod
682 4297 714 4360 in
731 4299 780 4362 bis
798 4300 903 4362 acrior
917 4300 959 4364 sit
976 4299 1121 4382 ingenio·

97 4420 165 4463 rum
189 4403 392 4467 exercitatio.
428 4395 522 4469 Unde
548 4403 733 4465 adolescens
763 4401 933 4466 etiamnum
959 4402 1121 4484 dialogum
