2632 5086
362 733 410 811 ad
432 733 624 808 Albertum
648 731 808 832 Princip.
831 730 892 809 lib.
1071 733 1141 819 249

115 928 220 993 Color
239 926 372 1007 pustulis
394 948 435 989 ex
454 925 548 1009 nigro
568 925 748 1003 virescens,
780 928 855 1010 ipsae
875 929 1026 1013 adspectu
1042 929 1151 1013 magis:

116 1027 218 1111 aa'gros
246 1050 341 1111 ‹puarn
366 1028 480 1090 dolore
510 1025 701 1088 cruciabant.
739 1030 936 1113 Quamquam
963 1031 1144 1094 cruciabant

115 1133 211 1192 etiam
239 1130 266 1192 si
292 1150 354 1212 qua
374 1126 557 1190 inflammari
579 1125 773 1209 contigisset.
822 1127 941 1193 Invasit
958 1150 1024 1192 non
1043 1130 1143 1193 multo

114 1243 188 1314 post
208 1241 329 1304 ortum,
356 1230 389 1291 in
408 1227 627 1303 Germaniam,
656 1227 713 1289 ubi
731 1229 879 1293 latissime
898 1241 1052 1312 quantum
1069 1228 1144 1293 alibi

114 1352 271 1414 nusquam
285 1330 450 1412 divagatus
472 1339 530 1391 est.
569 1327 667 1408 Quod
686 1349 749 1410 ego
769 1322 1013 1412 intemperantiae
1028 1341 1144 1411 nostre
1238 1376 1246 1402 ,

115 1433 233 1495 tribuo.
272 1430 335 1512 Qui
355 1442 432 1492 tunc
451 1439 533 1492 astra
546 1427 770 1504 consulebant,
791 1441 912 1512 septem
926 1452 992 1492 non
1012 1429 1143 1513 amplius

116 1555 216 1596 asinos
235 1541 449 1613 grassatorum
461 1532 522 1593 boc
537 1530 651 1592 malum
671 1527 898 1610 praedicebant,
920 1531 947 1595 si
967 1533 1008 1595 de
1028 1532 1143 1597 morbo

116 1645 148 1696 et
166 1631 236 1713 ejus
249 1633 282 1694 in
295 1632 480 1694 universum
499 1627 742 1710 appendicibus,
772 1628 860 1704 falsi,
886 1631 951 1706 sin,
978 1632 1020 1695 de
1037 1631 1145 1697 loedis·

18 1737 24 1742 ’
117 1735 197 1797 simo
218 1732 297 1807 illo,
322 1743 353 1793 et
380 1731 436 1814 qui
464 1741 578 1809 sponte
599 1748 665 1789 non
688 1739 809 1791 tantum
828 1751 869 1792 ex
887 1731 1054 1813 contagio,
1086 1731 1145 1799 sed

118 1846 171 1894 ant
190 1833 255 1894 culi
273 1831 370 1907 vitio,
392 1840 446 1893 aut
466 1828 580 1892 ordine
593 1826 649 1898 lati
664 1827 891 1912 proveniebat,
911 1830 990 1894 veri.
1028 1833 1144 1919 Neque

118 1935 201 1996 enim
220 1932 386 2012 septimum
407 1931 504 1993 multo
531 1949 646 1992 annum
664 1948 759 2009 supra
780 1927 850 2010 ejus
875 1941 1054 2010 grassatam
1071 1930 1143 2005 liris.
1253 1984 1257 1992 .

120 2033 184 2114 Oui
202 2045 327 2096 secutus
358 2043 428 2106 cst,
461 2040 495 2093 et
517 2049 603 2091 nuuc
629 2027 743 2107 passim
768 2041 916 2113 vagatur,
949 2041 984 2094 ut
1002 2031 1144 2099 foeditua

119 2133 329 2208 tolerabilior,
364 2132 484 2215 quippe
508 2126 676 2192 ulcusculis
696 2127 875 2205 interdum,
907 2129 991 2194 haud
1011 2134 1145 2199 multum

118 2233 357 2307 eminentibus,
390 2243 422 2292 ct
452 2227 628 2311 praeduris,
660 2229 820 2296 interdum
846 2232 906 2294 lata
936 2233 1079 2314 qrraedam
1107 2253 1146 2317 sc

117 2356 247 2412 serpens
274 2331 412 2407 scabies,
450 2329 549 2392 arenti
574 2349 705 2412 squama
729 2349 855 2393 carnem
880 2331 1044 2398 obducens
1070 2355 1145 2417 per·

117 2436 292 2510 niciosior,
330 2444 366 2496 ut
396 2430 452 2514 qui
482 2429 573 2493 altius
599 2441 783 2510 penetrante
811 2451 937 2493 veneno
965 2436 1143 2515 complures

116 2556 225 2600 seciam
245 2533 376 2596 morbos
396 2533 505 2595 nahal.
541 2531 637 2593 Hunc
662 2529 739 2593 nulli
756 2532 819 2597 hoc
836 2543 981 2615 tempore
1005 2531 1144 2613 sdnmd,

116 2636 178 2699 nisi
204 2631 354 2725 contagio
384 2633 440 2714 qni
465 2651 500 2693 se
524 2630 689 2713 polluerit,
717 2631 870 2697 credibile
897 2643 962 2708 cst,
994 2632 1085 2718 quod
1108 2634 1144 2701 ia

117 2734 295 2798 concubitu
323 2732 457 2796 maxime
488 2733 569 2794 solet
600 2729 743 2794 evenire.
779 2731 872 2797 Unde
897 2754 1016 2814 pueros
1040 2733 1142 2801 rarius

118 2847 151 2896 et
170 2854 280 2909 senes,
305 2843 359 2895 aut
382 2831 500 2916 alioqui
525 2832 628 2894 coitus
654 2842 802 2912 expertes
822 2847 985 2916 occupat„
1004 2836 1143 2901 facilitas

119 2933 313 3019 quantoquis
343 2933 494 3008 salacior,
533 2942 565 2993 et
592 2931 626 2993 in
657 2950 807 2995 venerem
838 2935 1026 3015 promptior.
1071 2936 1143 3003 Jam

117 3057 201 3120 quos
221 3020 391 3116 coiripuit,
419 3044 456 3097 ut
482 3033 619 3117 quisque
639 3030 736 3106 vivit,
769 3031 812 3094 ita
837 3053 911 3116 eum
930 3045 983 3097 aut
1002 3034 1066 3097 cito
1085 3035 1143 3101 dc·

115 3135 211 3211 serit,
239 3145 293 3197 aut
320 3135 376 3198 diu
395 3143 499 3208 tenet,
529 3142 582 3194 aut
606 3131 638 3192 in
657 3142 759 3193 totum
779 3133 946 3195 consumit.
985 3133 1141 3201 Omnibus

113 3237 147 3302 in
178 3235 265 3299 ltalia
295 3246 328 3297 ct
354 3233 531 3316 Hispania,
572 3252 609 3295 ac
634 3229 734 3292 sicubi
759 3242 911 3313 preterea
936 3233 1037 3296 sobrii
1067 3246 1142 3299 sunt

114 3335 276 3411 homines,
308 3333 440 3410 mitior,
469 3333 563 3395 nobis
584 3342 716 3415 propter
735 3333 894 3413 crapulam
920 3344 953 3395 et
972 3335 1075 3398 victus
1092 3334 1142 3400 iu·

116 3434 377 3514 temperantiam,
412 3445 449 3495 ut
480 3432 598 3496 diutius
629 3432 781 3508 inheret,
818 3433 859 3496 ita
896 3440 1141 3518 comprehensos

117 3532 318 3599 infestissime
333 3531 702 3625 torquet,‚acerbissime
724 3532 854 3616 adfligit.
