2632 5086
382 1409 588 1479 nutteno
624 1429 704 1478 suo
742 1368 1011 1481 birtualdus
1045 1405 1077 1478 s.
1142 1374 1145 1379 ’

226 1747 348 1842 Aulam
378 1791 462 1842 tuam
486 1780 550 1861 legi
575 1799 610 1840 ac
634 1777 732 1857 relegi
762 1776 888 1860 quidem
906 1779 988 1841 sitta?
1008 1782 1044 1850 sul
1064 1779 1233 1854 dystense.

226 1880 288 1942 Sed
299 1892 333 1940 tu
347 1901 397 1942 me
409 1879 545 1959 judicem
562 1879 686 1945 statuis.
707 1889 791 1939 etex
809 1879 901 1940 ariimi
914 1879 1066 1942 sententia
1081 1877 1234 1959 judicare.

224 1979 366 2059 imperas.
423 1978 507 2058 Quid
534 1976 629 2058 igitur
661 1977 770 2039 luciam
806 1993 947 2057 γελασῑνος
982 1999 1072 2058 uersas·
1148 1984 1233 2044 Num

225 2081 291 2163 aptis
310 2079 448 2144 nil-aidanus
477 2077 491 2144 ii
516 2082 578 2136 sads
598 2080 682 2163 χάριν
703 2079 817 2155 δικάσας
846 2084 911 2152 πρός
937 2083 1075 2148 ἀλήθειαν
1101 2095 1145 2146 sat
1164 2083 1233 2145 scio

224 2178 360 2262 inquies.
394 2179 519 2243 Parebo
539 2176 651 2260 igitur,
677 2180 733 2240 sed
752 2190 784 2241 tu
806 2182 943 2257 videbis,
972 2185 1164 2265 qualemnam
1183 2179 1234 2262 ju·

225 2279 325 2342 dicem
344 2278 552 2342 constitueris.
587 2280 682 2351 ”dcis
704 2290 790 2357 pots:
811 2304 920 2344 verum
946 2297 978 2342 tu
999 2304 1038 2342 ne
1066 2280 1233 2342 movearis.

225 2380 390 2442 lmmatura
423 2400 472 2441 rcs
503 2391 555 2440 tua
582 2376 707 2443 uidetur
738 2384 867 2445 AULA.
918 2383 1064 2470 Ἀνέχον,
1092 2381 1235 2440 nondum

224 2479 290 2541 dixi
310 2500 436 2551 verum3
464 2479 592 2540 duriore
614 2481 712 2541 verbo
732 2503 797 2543 rem
817 2484 970 2562 appellare
991 2480 1093 2553 nolui,
1114 2479 1234 2540 scilieet

224 2589 259 2638 ut
287 2577 426 2638 nonnihil
455 2578 593 2638 amicitiae
613 2580 792 2642 tribuerem.
843 2582 927 2661 Quid
946 2580 1046 2653 enim,
1076 2578 1103 2639 si
1122 2577 1235 2638 intem·

223 2675 374 2755 pestivam
408 2670 637 2738 nominassem?
676 2692 710 2740 ut
748 2680 869 2742 interim
896 2680 1069 2760 procaciam
1094 2677 1234 2737 omittam

223 2777 401 2858 θςαπύτητα,
421 2779 623 2852 λαμυρώτητα,
653 2789 685 2839 el
712 2781 832 2862 reliqua
853 2781 883 2841 id
904 2802 1004 2862 genus
1023 2777 1129 2839 verbu.
1170 2776 1235 2836 Sed

222 2895 288 2937 non
307 2874 397 2938 nimis
417 2896 544 2955 aspere,
578 2899 648 2939 cum
672 2879 769 2941 amico
790 2900 883 2961 agere
910 2878 1005 2939 volui.
1044 2875 1186 2938 Proinde
1207 2873 1234 2934 si

221 2972 387 3038 blanditias
409 2981 456 3038 καὶ
478 2983 632 3040 κολακείαν
652 2979 792 3059 expetis,
822 2978 914 3039 alium
934 2964 1080 3056 deinceps
1100 2973 1233 3056 quaerito

221 3071 364 3153 judicem·
379 3075 408 3138 ὃς
438 3083 527 3163 siquo
549 3084 644 3140 salvar
673 3079 779 3140 tritum
797 3078 872 3139 illud
894 3076 1063 3158 ingeminet
1089 3076 1116 3143 1³2?
1137 3077 1236 3144 παισὶν,

222 3175 249 3242 bi
270 3181 365 3239 παιάν.
404 3181 466 3242 Sed
493 3189 577 3261 λῆρον
606 3191 700 3260 ληρεῖς
733 3177 875 3258 inquies:
913 3179 1034 3238 tandem
1057 3176 1144 3257 quod
1165 3175 1234 3255 agis

221 3294 303 3355 agas.
351 3280 450 3360 Atqui
479 3303 552 3343 num
578 3284 663 3343 solus
688 3288 849 3356 φληναφῶν
868 3274 1062 3359 prohibeor?
1091 3276 1139 3338 καὶ
1164 3278 1234 3352 σύγε

223 3382 289 3446 ἐμοῦ
317 3378 413 3440 dravo
440 3378 623 3456 α’δολισχίας.
664 3382 707 3441 At
737 3379 864 3439 nimium
893 3389 923 3439 te
954 3376 1091 3436 detineo.
1145 3374 1234 3436 Audi

221 3477 328 3559 igitur.
377 3481 469 3540 Teano
490 3481 586 3542 aulica
605 3479 782 3543 describere
803 3479 897 3539 audes
918 3476 1129 3549 incommoda,
1150 3495 1231 3534 non-

220 3577 296 3639 dum
316 3578 428 3639 aulicas
449 3593 597 3661 expertus
617 3567 807 3658 consputatus·
847 3576 931 3657 Quid
950 3596 1058 3657 ageres
1075 3574 1101 3635 si
1122 3584 1154 3633 ut
1169 3594 1230 3634 uos

219 3677 327 3738 millies
355 3678 521 3758 deceptus,
550 3679 814 3757 circumscriptus,
842 3679 984 3749 delusus,
1004 3673 1149 3746 iniuriis,
1180 3694 1232 3733 ea·

219 3775 343 3840 lumniis
376 3788 407 3838 et
441 3778 608 3842 innumeris
646 3781 773 3840 allectus
810 3776 1022 3851 contumeliis,
1064 3777 1230 3851 exclusus,

220 3876 357 3953 rejectus
384 3880 432 3937 vel
461 3879 564 3956 potius
590 3877 707 3959 ejectus
735 3878 845 3939 esses?
884 3877 989 3939 Τᾶυτα
1009 3879 1102 3936 πάντα
1123 3878 1170 3935 καὶ
1191 3877 1232 3934 ἔτι

222 3972 369 4061 latinaque
389 3977 524 4055 experiri
546 3979 726 4058 oportebat,
755 4001 789 4038 ae
809 3981 902 4038 lustra
922 3990 1056 4059 epratuor
1076 3978 1233 4036 detestan-

219 4078 286 4150 dae,
328 4077 454 4158 ingratae
482 4088 512 4137 ct
539 4079 663 4157 perfidae
691 4077 842 4138 inservire
869 4080 952 4137 aulae.
998 4079 1080 4137 'l'um
1107 4076 1234 4136 demum

219 4176 356 4256 perbelle
377 4187 408 4236 et
434 4176 516 4235 veris
540 4176 670 4239 lacrimis
690 4177 824 4237 fabulam
849 4176 965 4256 egisses
984 4197 1050 4238 rem
1071 4185 1233 4254 expertam

217 4275 337 4354 potius,
385 4295 477 4358 quam
510 4277 548 4337 ab
584 4276 651 4337 aliis
681 4276 814 4336 auditam
845 4297 1001 4338 enarrans.
1059 4274 1145 4335 ω’τίων
1176 4276 1233 4356 peip

218 4379 357 4458 ursisque
375 4374 535 4454 ὀφθαλμοὶ.
573 4379 648 4439 Haec
679 4374 867 4448 concaluit,
894 4375 937 4435 mi
958 4377 1104 4450 Vtriche,
1133 4393 1233 4455 quare
