2632 5086
219 741 288 814 298
502 736 564 809 De
587 734 741 832 Guajaci
764 734 947 809 medicina

218 925 355 1009 quisque
372 944 457 989 nunc
474 927 650 1008 reperiatur
667 927 702 988 in
716 926 884 991 Germania
899 929 1071 999 nobilium.
1096 924 1154 1008 qui
1173 936 1241 989 non

217 1037 270 1088 aut
292 1028 433 1111 podagra
453 1027 592 1102 laboret,
612 1038 665 1090 aut
685 1027 841 1091 articulari
858 1030 972 1092 morbo
988 1029 1165 1105 crucietur,
1185 1042 1242 1093 aut

216 1126 379 1208 hydropisi
396 1128 581 1202 infestetur,
598 1127 712 1202 ischia,
731 1130 835 1210 lepra,
852 1140 905 1192 aut
917 1130 969 1193 illa
983 1128 1118 1193 maxima
1132 1151 1241 1195 seeum

216 1229 294 1289 mala
309 1226 479 1292 invehente
491 1230 604 1292 morbo
612 1227 732 1290 Gallico
745 1229 924 1294 (lineretur.
946 1231 1129 1313 Aliquando
1143 1231 1240 1314 igitur

217 1328 257 1390 ad
268 1349 327 1391 nos
342 1330 497 1404 redimus,
516 1343 549 1391 et
562 1331 643 1392 illam
656 1330 713 1392 hac
727 1330 869 1405 tratione,
890 1333 951 1394 hoe
966 1331 1098 1411 imperio
1113 1331 1240 1408 dignam

216 1428 413 1511 ingredimur
437 1429 560 1492 vitam?
597 1436 701 1513 Quam
720 1433 813 1495 etiarn
832 1433 906 1514 qni,
931 1445 965 1495 ut
985 1433 1031 1508 lri,
1059 1453 1142 1514 ques
1161 1434 1238 1507 dixi,

216 1529 352 1591 molliter
377 1529 469 1592 nimis
492 1531 621 1608 vivunt,
648 1544 753 1595 tamen
770 1534 888 1597 laudari
909 1534 995 1614 apud
1013 1554 1048 1596 se
1067 1533 1238 1615 patiuntur.

215 1629 331 1713 Neque
345 1630 429 1695 enirn
442 1655 633 1716 quemquam
647 1634 716 1697 sere
730 1634 865 1696 istorum
880 1655 950 1696 esse
966 1645 1060 1712 puto,
1074 1633 1128 1716 qui
1143 1634 1237 1696 etiam

216 1729 243 1791 si
262 1732 370 1795 studio
390 1732 477 1796 omni
495 1732 657 1797 mollitiem
676 1738 780 1810 eolat,
813 1746 844 1796 et
864 1734 1131 1813 indulgentissime
1153 1734 1236 1796 circa

215 1832 328 1895 luxum
346 1833 449 1909 vivat,
470 1855 536 1896 non
555 1834 589 1898 in
607 1834 673 1898 aliis
692 1846 795 1898 tamen
817 1835 921 1899 oderit
940 1855 1008 1897 earn
1028 1836 1133 1898 vitam.
1169 1833 1238 1899 Nisi

217 1944 264 1995 cst
293 1934 374 1996 adeo
403 1957 461 2014 per
488 1936 747 1999 incontinentiam
774 1947 947 1998 excaecatus
971 1935 1065 2016 quis,
1101 1947 1136 1996 ut
1162 1935 1238 1998 istos

216 2042 298 2094 amet
317 2035 441 2113 perdite
460 2048 599 2099 moratos
620 2037 846 2118 Sardanapalos
866 2048 897 2097 et
918 2036 1161 2111 Heliogabalos,
1186 2048 1240 2098 ant

216 2136 386 2197 multorum
406 2135 524 2199 diversi
543 2137 675 2199 instituti
694 2136 913 2218 parsimoniam
934 2138 1047 2200 oderit.
1085 2136 1239 2201 Proteus

216 2235 355 2299 amabilis
368 2249 416 2299 est
430 2235 547 2312 virtus,
562 2220 755 2318 etiam'apnd
772 2258 846 2311 eos,
864 2238 1008 2319 aquibus
1024 2246 1236 2319 postergatur.

217 2337 320 2400 Vetus
340 2337 471 2402 Catonis
495 2337 729 2401 condimentum
748 2348 812 2413 est,
845 2340 964 2416 pultem
989 2338 1122 2400 miscere
1146 2359 1239 2400 caseo

171 2492 174 2501 .
216 2448 248 2501 et
267 2459 344 2501 ovo.
384 2439 445 2501 lllis
464 2451 567 2502 autem
587 2459 662 2500 vere
679 2439 843 2501 Germanis
864 2439 953 2512 olim,
974 2449 1009 2498 ut
1025 2440 1127 2500 adhue
1143 2439 1239 2503 hodie

215 2538 336 2613 multis,
370 2543 488 2618 pultem
518 2562 560 2601 cx
587 2560 687 2601 avena
711 2539 816 2601 eibum
836 2539 951 2611 luisse,
980 2537 1100 2600 Plinius
1130 2540 1239 2603 refert.

215 2638 260 2701 At
279 2660 338 2702 nos
356 2639 560 2702 transmarina
574 2661 746 2715 emeramus,
766 2650 850 2701 tanta
866 2638 1060 2701 necessitatis
1076 2638 1238 2718 opinione,

216 2748 252 2799 ut
267 2739 430 2801 tleeretum
447 2741 591 2802 ornatibus
609 2740 724 2821 passim
741 2741 1010 2823 patribusfamilias
1027 2738 1084 2811 sit,
1101 2761 1171 2822 qna
1189 2740 1240 2802 hie

215 2840 408 2919 proveniunt
423 2843 580 2916 vendere,
599 2853 635 2903 nt
652 2843 701 2902 illa
720 2855 873 2904 emantur.
910 2844 987 2919 Quae
1006 2862 1057 2901 res
1074 2860 1137 2901 una
1152 2841 1239 2902 loeu-

215 2941 344 3020 pletarit
363 2942 552 3024 Fuggcras,
586 2943 640 3026 qni
661 2943 765 3003 ‹lorrec
784 2962 842 3002 nos
862 2941 909 3005 sic
927 2961 1071 3002 curamus
1091 2960 1238 3020 corpora,

215 3041 274 3103 soli
294 3042 443 3122 pecarnias
466 3043 582 3105 habent
606 3043 640 3104 in
660 3043 844 3114 Germania,
880 3041 940 3101 soli
959 3038 1139 3119 magnificas
1158 3041 1239 3103 aedes

215 3163 252 3205 ac
270 3145 414 3224 speciosa
439 3143 579 3206 aedilicia.
629 3142 755 3224 Quippe
775 3142 807 3203 in
827 3153 947 3202 tantum
972 3152 1163 3213 creverunt,
1199 3141 1240 3203 illi

215 3246 384 3321 voluptatis
399 3256 513 3305 nostrae
532 3242 681 3316 ministri,
696 3256 856 3304 uteorum
872 3263 967 3324 opes,
984 3251 1055 3303 ante
1068 3237 1240 3319 cujuslibet

215 3362 257 3405 ex
282 3341 330 3404 bis
356 3341 551 3423 principibus
575 3363 705 3407 censum
730 3341 914 3403 habeantur.
952 3341 1046 3404 Adeo
1069 3352 1159 3402 extra
1179 3332 1256 3404 nos¹

214 3443 474 3523 peregrinamur,
503 3443 584 3505 adeo
604 3464 671 3505 non
690 3442 909 3522 intelligimus,
936 3463 1005 3524 quse
1027 3440 1125 3502 modo
1144 3442 1240 3503 ‹leco-

213 3552 290 3626 quat
313 3541 491 3605 Germania.
537 3546 645 3622 Quare
665 3541 710 3605 sic
728 3552 806 3623 puto
829 3540 1109 3621 prsulentissiunnu
1129 3540 1239 3615 fnisse,

215 3642 243 3707 si
261 3642 333 3726 quis
351 3642 503 3719 omnino,
525 3644 582 3728 qui
600 3642 759 3722 superiori
779 3650 865 3703 atate
885 3642 968 3703 hunc
988 3643 1098 3706 metuit
1119 3643 1240 3705 nationi

215 3753 330 3806 nestrae
350 3745 480 3817 luxum,
503 3746 557 3808 has
577 3744 647 3807 vita
667 3741 846 3816 illecebras,
867 3744 954 3805 ulula
973 3754 1021 3807 tot
1040 3757 1165 3826 prestes,
1196 3757 1240 3806 tot

215 3845 367 3926 pullulant
398 3842 523 3920 morbi,
567 3841 714 3907 omuibus
745 3846 845 3923 palam
877 3844 1081 3921 videntibus,
1121 3846 1160 3907 ab
1193 3845 1241 3908 bis

215 3965 346 4009 securus
375 3955 465 4025 agat,
497 3942 572 4027 quia
599 3942 658 4006 illis
688 3964 780 4026 aequo
808 3944 913 4009 animo
940 3957 1076 4009 careant.
1116 3949 1158 4008 Et
1184 3944 1241 4028 qui

215 4045 331 4109 uostris
356 4045 483 4120 herbis,
516 4054 590 4107 sunt
616 4044 718 4106 adhue
741 4044 839 4128 aliqui
864 4045 949 4108 enim
975 4047 1126 4108 Germani
1154 4050 1242 4121 tales,

213 4145 296 4209 bene
330 4145 465 4221 habitis,
513 4154 550 4206 ut
586 4144 755 4226 plurimum
793 4144 982 4224 corporibus
1018 4144 1114 4205 visat.
1167 4145 1242 4207 lllos

215 4256 342 4321 eontra,
376 4245 433 4329 qui
459 4238 576 4326 digitos
607 4245 723 4309 babent
756 4265 853 4308 croco
885 4243 1039 4317 inlectos,
1076 4254 1107 4306 et
1135 4242 1241 4304 cinna-

196 4341 355 4411 'momnnt
368 4354 507 4421 ructant,
535 4364 571 4406 ac
587 4348 827 4430 garyephyllum
845 4343 979 4426 spirant,
1000 4353 1033 4405 et
1051 4341 1084 4404 in
1105 4343 1242 4407 vestium
