2632 5086
360 697 466 775 Trica
488 697 656 773 Romana
679 697 878 802 Dialogus·
1064 707 1135 784 itt

115 913 185 958 esse
217 892 427 968 arbitrantur,
468 888 584 954 Christi
618 892 759 976 vestigiis
788 895 934 960 insistere
969 916 1049 971 eos,
1081 894 1138 980 qui

118 995 197 1057 illius
217 993 327 1056 vicarii
357 1014 425 1053 esse
453 993 670 1068 contendunt,
700 995 757 1056 sed
778 1012 884 1078 neque
906 1008 1057 1077 oportere
1075 998 1139 1061 hoc

119 1116 175 1157 cos
210 1094 423 1168 contendere,
458 1103 495 1154 ut
530 1090 616 1167 siut,
653 1095 759 1174 potius
796 1107 904 1159 coacte
942 1095 1143 1181 provinciam·

117 1197 196 1257 lianc
218 1195 319 1257 obire.

541 1293 713 1355 Hutten.

193 1397 272 1478 Spes
291 1407 339 1459 est
362 1397 505 1459 loturum
527 1397 589 1460 hoe
607 1393 760 1479 quidem,
786 1396 954 1480 aliquando
976 1397 1060 1461 enim
1080 1374 1138 1460 sini

116 1494 310 1578 βςαὲυηιέδων
335 1498 404 1560 ivor
430 1505 512 1560 tneor
541 1496 666 1578 denum.
706 1496 828 1558 Verum
857 1497 912 1560 ubi
940 1499 1141 1563 conabuntur

117 1597 299 1678 hujusmodi
316 1611 470 1663 nostrates
491 1598 550 1673 illi,
578 1598 654 1679 quid
674 1609 774 1677 putaa¹
791 1608 902 1661 contra
921 1597 1064 1660 facient?

528 1698 717 1761 Ernhold.

192 1798 290 1860 lllites
310 1813 421 1873 erunt,

252 1907 321 1961 Nee
339 1910 416 1976 jam
434 1908 572 1980 emplius
589 1907 712 1977 armis,

187 1999 251 2052 Sed
267 2000 348 2054 votis
360 2000 566 2075 precibusque
586 1999 687 2055 uolent
704 2015 869 2069 exposcere
880 2016 1001 2071 pacem.

541 2100 704 2166 Hutten·

191 2195 326 2262 Minime
351 2199 515 2280 gentirrm,
552 2218 665 2283 magna
691 2219 725 2262 se
750 2195 936 2278 pertinacia·
955 2196 1139 2272 tuebuntur,

116 2317 221 2372 arma,
255 2300 362 2373 viros,
394 2309 425 2359 et
455 2320 558 2382 equos
588 2300 761 2380 parabunt,
792 2304 898 2361 nostra
924 2319 983 2359 nos
1006 2296 1140 2376 pecunia

116 2397 369 2479 oppugnabunt,
399 2398 454 2461 ubi
482 2400 549 2461 suis
571 2400 685 2479 opibus
710 2398 865 2474 diffident,
893 2398 931 2460 ad
954 2397 1080 2471 Gallos,
1104 2406 1142 2458 ut

115 2496 214 2571 olim,
246 2496 456 2575 confugient,
489 2499 594 2561 omnia
623 2498 788 2562 tentabunt
800 2544 809 2574 ,
847 2519 972 2560 omnem
1005 2498 1142 2581 lapidem

115 2595 307 2671 movebunt,
321 2596 505 2679 priusquam
517 2598 549 2660 in
565 2597 708 2661 ordinem
722 2618 756 2661 se
774 2596 848 2682 cogi
863 2597 1029 2679 patiantur.
1069 2596 1143 2662 Cb«

116 2695 245 2756 mabunt
265 2695 402 2758 ecciesiae
416 2708 665 2780 persequutores
682 2697 740 2775 (sic
760 2698 842 2760 enim
865 2699 986 2775 dicent,
1008 2697 1142 2782 quicun-

117 2816 181 2878 que
194 2796 299 2884 leuare
312 2798 480 2860 adeersum
499 2820 533 2861 se
551 2797 683 2879 digitum
695 2798 868 2874 audebunt)
883 2811 915 2861 et
928 2799 1143 2861 schismaticos

116 2916 197 2970 nos,
225 2895 307 2957 illam
336 2895 452 2959 Christi
481 2898 699 2962 inconsutilem
720 2901 856 2961 ornicum
880 2899 1142 2963 vociferabuntur

116 2998 320 3077 discerpere,
362 2998 617 3061 execrationibus
648 2999 878 3073 fulminabant,
913 3018 986 3059 nam
1017 2998 1142 3081 siquem

115 3097 244 3175 lugiunt
269 3098 467 3181 amiquiora,
496 3110 530 3162 ut
552 3099 688 3174 nesciat,
717 3115 786 3181 quae
805 3096 1145 3160 hocnominestrenui·

115 3184 204 3264 mirlti
226 3199 375 3260 Germani
396 3200 620 3279 imperatores,
643 3203 740 3283 (quos
762 3198 805 3260 illi
824 3197 921 3279 paleis
941 3198 1143 3261 decretorum

115 3299 281 3378 adspersos
304 3311 495 3385 notanerunt
517 3313 647 3380 postea,
668 3300 874 3381 perfidiosos,
894 3298 1059 3375 immanes,
1081 3299 1142 3361 lac·

115 3398 230 3459 reticos
259 3401 420 3476 vocando)
447 3401 532 3481 passi
555 3413 652 3477 suut,
681 3413 712 3462 ct
732 3419 828 3483 quam
850 3396 1019 3461 infeliciter
1037 3398 1143 3461 inultis

115 3508 245 3577 propter
265 3497 465 3566 inimicorum
480 3501 649 3564 versutiam
659 3499 875 3583 ,processerit
890 3501 952 3560 hoe
966 3500 1141 3580 negotium,

116 3595 189 3658 illud
215 3617 317 3679 nuper
335 3600 523 3662 freneticum
552 3602 626 3664 Julii
645 3600 687 3663 ll.
709 3601 844 3663 edictum
867 3619 999 3663 monere
1019 3598 1142 3678 debuit,

115 3718 180 3780 quo
205 3698 255 3759 ille
282 3700 468 3778 proposito,
496 3722 567 3763 cum
587 3704 704 3764 Satanae
727 3721 855 3773 omncs,
882 3700 938 3781 qui
965 3701 1142 3763 adversum

114 3819 149 3863 se
183 3809 214 3860 et
240 3800 402 3862 ecclesiam
437 3820 522 3863 arma
548 3803 690 3877 l'erreut,
726 3800 921 3877 tradidisset,
949 3814 1059 3863 contra
1086 3800 1150 3883 qui·

114 3901 173 3962 sub
201 3923 293 3965 suum
322 3899 472 3963 vexillum
499 3903 728 3977 concederent,
761 3900 799 3964 iis
827 3902 952 3976 caelum,
982 3913 1014 3963 ct
1035 3900 1143 3984 siquid

114 4002 188 4063 caclo
207 4002 308 4066 adbuc
325 4001 485 4064 sublimius
501 4012 565 4077 est,
585 4003 798 4083 promitteret,
819 4021 915 4084 quent
928 4022 995 4063 non
1010 4022 1142 4067 movere

46 4108 51 4116 '
113 4101 200 4167 risus
223 4112 288 4177 cst,
312 4123 346 4162 ac
360 4106 411 4164 rel
425 4104 462 4164 ad
479 4123 513 4162 se
532 4102 722 4165 blandiendo
744 4104 926 4179 traducere,
945 4103 998 4164 rel
1017 4114 1142 4163 terrore

114 4209 146 4269 in
164 4198 292 4282 iugum,
311 4213 342 4263 et
359 4202 615 4284 desperationem
633 4201 816 4283 conjicere?
846 4203 937 4266 Urius
958 4214 1004 4263 tot
1019 4222 1141 4283 regum,

113 4308 145 4359 et
174 4302 335 4363 nationum
368 4326 435 4367 rem
471 4326 530 4365 suo
567 4304 734 4367 arbritratu
761 4303 1005 4375 moderabatur,
1033 4303 1083 4365 cui
1106 4322 1142 4364 se
