2632 5086
346 765 393 837 ad
418 760 608 837 Albertum
632 762 792 862 Princip.
817 763 877 839 lib.
1058 772 1128 845 326
1154 709 1159 717 Ι

99 977 164 1040 que
177 955 318 1037 inprimis
334 956 456 1018 monitu
469 955 599 1039 dignum
612 954 783 1033 incideret,
796 959 884 1020 nullo
897 957 991 1021 etiam
1003 958 1128 1022 ordina.

98 1061 202 1120 Nemo
233 1057 374 1139 requirat
398 1057 449 1119 hic
468 1056 588 1139 aliquid
616 1055 723 1138 igitur.
762 1057 796 1120 Si
823 1079 1020 1140 cognoscere
1041 1059 1127 1135 velit,

97 1159 196 1219 docui
219 1179 300 1240 quos
323 1158 405 1237 apud
428 1169 571 1233 autores,
598 1179 667 1240 qum
687 1157 823 1220 inveniri
844 1159 976 1238 possint.
1019 1162 1125 1243 Atque

98 1261 181 1323 aliud
202 1279 277 1322 ecee
299 1259 384 1322 subit
405 1259 534 1332 iterum,
556 1248 683 1339 oportet
702 1258 785 1320 euim
805 1261 860 1341 qui
880 1259 962 1322 tueri
981 1259 1126 1340 corporis

98 1360 261 1424 sanitatem
281 1360 371 1434 velit,
391 1359 456 1421 duo
477 1358 611 1420 maxime
629 1380 740 1420 curare
759 1360 896 1423 Galenus
916 1359 1007 1435 dicit,
1028 1381 1126 1424 tinum

98 1461 188 1523 cibus
204 1459 398 1521 conveniens
413 1471 447 1521 ut
460 1459 515 1531 sit,
534 1462 664 1521 alterum
681 1459 897 1521 rnundiilcatio
911 1459 954 1522 illi
969 1471 1003 1522 ut
1017 1464 1126 1542 sup'er·

98 1562 204 1623 veniat
217 1581 328 1622 corum
339 1578 438 1642 ,·quae
454 1561 613 1638 superflua
629 1581 671 1620 ex
684 1559 757 1621 cibo
772 1559 1004 1641 relinquuntur.
1044 1563 1125 1625 Pau·

97 1665 145 1725 lus
165 1660 283 1743 inquit:
307 1661 444 1723 Veteres
463 1660 536 1722 satis
556 1658 708 1740 putabant
725 1661 765 1721 ad
781 1660 896 1723 bonam
915 1661 1127 1725 valetudinem

98 1762 265 1837 mendam,
287 1759 313 1821 si
334 1760 478 1842 quotidie
495 1772 526 1821 et
545 1759 606 1822 alvi
623 1781 720 1822 onera
739 1771 771 1822 et
792 1756 883 1822 urina
902 1760 1070 1825 commode
1090 1782 1128 1823 ac

99 1863 167 1923 sius
192 1861 438 1943 reprehensione
465 1881 525 1940 pro
552 1860 771 1923 alimentorum
792 1869 952 1942 potusque
979 1861 1126 1940 portione

100 1961 325 2041 dejicerentur.
363 1960 414 2022 De
433 1961 561 2023 Venere
580 1960 655 2022 nibil
672 1961 833 2023 monendo
851 1959 1048 2042 praetermisit
1063 1960 1126 2025 Gt·

99 2065 205 2137 lenus,
227 2062 373 2125 omnibus
392 2082 459 2124 eam
476 2060 532 2144 qui
553 2061 638 2123 sicco
658 2071 905 2142 temperamento
926 2073 999 2125 sunt
1023 2060 1127 2127 inimi·

100 2184 169 2225 eam
190 2163 348 2236 scribens,
376 2161 573 2243 potissimum
598 2162 645 2223 his
670 2161 728 2244 qui
750 2163 852 2225 adhue
876 2160 996 2243 frigido
1021 2160 1125 2223 etiam.

99 2265 178 2327 Nam
191 2264 339 2338 innoxia,
358 2262 461 2345 inquit
471 2308 480 2337 ,
490 2262 602 2324 Venus
613 2262 660 2325 his
675 2273 793 2324 tantum
806 2272 869 2335 est,
885 2260 941 2343 qui
952 2260 1043 2322 calidi
1053 2272 1126 2325 sunt

97 2386 135 2426 ac
153 2364 289 2437 humidi,
309 2363 410 2445 etqui
426 2362 570 2445 genitura
587 2362 757 2424 abundant.
776 2419 778 2425 .
795 2364 838 2424 Et
850 2361 980 2424 iterum:
1001 2358 1125 2441 Quibus

94 2463 272 2544 inculpata,
294 2463 413 2546 inquit,
433 2464 577 2544 eorporis
592 2463 774 2526 constitutio
793 2474 857 2537 est,
878 2483 943 2525 non
961 2461 1080 2523 debent
1094 2459 1127 2525 bi

98 2570 115 2626 'a
139 2566 270 2624 Venere
292 2562 420 2626 omnino
450 2565 626 2640 abstinere,
667 2562 932 2648 quemadmodum
959 2559 1070 2641 frigidi
1094 2571 1128 2623 et

99 2662 186 2726 sicci.
225 2662 304 2724 ltem
327 2662 466 2727 Paulus:
499 2662 697 2728 Concubitus
722 2665 871 2729 sicciores
885 2678 1008 2726 'omnes
1033 2659 1127 2737 ladit,

101 2761 260 2838 maxime,
289 2762 316 2822 si
343 2760 474 2827 ariditati
504 2766 606 2849 frigus
637 2786 770 2849 quoque
799 2763 959 2848 jungatur.
1008 2760 1126 2827 Calidis

101 2882 181 2924 vero
201 2873 234 2924 et
251 2862 386 2926 humidis
412 2865 562 2928 duntaxat
583 2878 668 2929 tutus
695 2878 762 2929 est:
790 2877 827 2930 ut
844 2866 986 2940 labores,
1008 2863 1127 2927 Paulus

99 2961 222 3047 inquit,
247 2963 293 3026 sic
312 2976 344 3028 et
361 2966 547 3029 concubitus
571 2966 597 3029 si
617 2968 729 3031 modus
759 2977 922 3041 servetur,
955 2963 1038 3026 utilis
1065 2972 1128 3027 est.

99 3065 172 3126 Hoc
197 3065 315 3126 debent
332 3066 510 3130 meminisse
537 3088 658 3131 omnes.
704 3065 834 3130 Coitnm
854 3075 986 3147 propter
1008 3082 1127 3127 nervos

98 3164 304 3246 fugiendum,
331 3186 443 3249 magna
462 3188 556 3244 cura,
584 3169 631 3231 his
652 3168 707 3252 qui
731 3167 852 3229 Gallico
872 3163 985 3228 morbo
1004 3150 1131 3227 labors-⁸

98 3278 222 3329 venmt.
262 3268 387 3331 Pueros
407 3278 496 3349 putat
514 3269 636 3333 Paulus
660 3265 875 3341 exercendos,
895 3277 948 3341 ut,
966 3263 1127 3347 inquiens,

99 3377 131 3426 et
153 3387 290 3446 corpore
315 3378 347 3429 et
371 3368 475 3431 animo
502 3370 680 3433 laborantes
706 3367 881 3432 'alibidinis
901 3366 1020 3449 impetu
1039 3362 1128 3427 colri-

100 3465 254 3541 beantur,
281 3468 400 3530 coitum
420 3470 533 3532 morbo
558 3469 706 3534 comitiali
724 3479 884 3551 comparat
903 3466 1126 3548 Hippocrates.

101 3567 282 3629 Alexander
313 3569 453 3654 Magnus
482 3573 603 3634 solebat
631 3571 738 3633 dicere
765 3567 885 3633 coitum
909 3579 941 3631 et
969 3584 1132 3649 somnam,

101 3665 166 3726 duo
186 3667 318 3731 maxima
339 3690 408 3733 esse
425 3671 618 3736 mortalitatis
638 3672 738 3755 signa.
774 3667 979 3751 Dispioienda
996 3678 1028 3731 et
1044 3646 1137 3729 aerii

101 3766 280 3844 salubritas,
294 3791 441 3852 magnum
456 3772 643 3835 valetudinis
658 3774 896 3835 firmamentum.
916 3771 992 3842 aar,
1008 3765 1127 3828 Paulus
1144 3758 1146 3763 ’

100 3868 220 3950 inquit,
240 3891 281 3930 ex
301 3871 387 3933 malis
411 3872 583 3952 vaporibus
603 3873 800 3952 pestilentem
827 3891 933 3935 auram
957 3863 1134 3947 eructanti·u

97 3969 176 4045 bns,
196 3973 399 4056 autaliquem
417 3973 509 4052 juxta
529 3977 667 4037 cloacam
689 3972 843 4048 inlectus,
869 3982 921 4035 aut
940 3968 1133 4037 nebulosus,-

97 4082 151 4132 ant
182 4072 291 4154 quiin
312 4076 410 4151 valle,
444 4074 588 4158 undique
616 4075 773 4144 montibus
801 4074 902 4135 cincta
929 4070 1124 4143 continetur,

98 4182 219 4234 atatem
231 4194 372 4248 onmem,
400 4166 590 4260 omnemque
612 4185 855 4257 temperaturam
873 4171 1015 4258 similiter
1033 4166 1125 4245 laedit,

100 4271 237 4349 optimus
257 4295 338 4335 vero
358 4275 505 4339 omnibus
531 4278 672 4357 prodest.
711 4275 838 4357 Quippe
861 4283 1035 4355 temperato
1054 4290 1125 4330 cor·

98 4371 188 4450 pori,
208 4383 417 4456 temperatus,
449 4376 569 4458 inquit,
603 4372 842 4454 distemperatus
863 4376 919 4455 qui
939 4369 1126 4436 contrariam
