2632 5086
151 806 224 883 tao
545 880 548 887 ,
569 803 748 903 Apologia

149 999 231 1063 illius
259 1000 385 1063 ossibus
410 999 555 1061 dolorem
577 997 689 1061 inuris.
730 997 828 1079 Quod
842 994 876 1071 *l
903 1008 1026 1062 nostras
1047 997 1167 1061 umbrat

145 1103 233 1165 luctu
254 1123 382 1184 gravas,
409 1112 442 1163 et
460 1120 596 1163 macrore
616 1097 737 1180 affligis.
776 1094 910 1161 Modica
933 1112 1005 1160 sunt
1025 1100 1108 1175 haec,
1130 1099 1167 1160 iu

147 1222 263 1285 quarm
297 1203 382 1283 apud
416 1221 472 1265 eos
506 1198 562 1283 qui
591 1197 755 1261 amicitiam
787 1197 887 1280 digno
918 1200 990 1261 loco
1024 1220 1091 1261 non
1119 1221 1167 1282 po«

146 1312 238 1385 nunt,
283 1306 473 1385 Quanquam
500 1299 621 1363 inficias
655 1299 702 1361 ire
732 1299 807 1361 item
836 1320 902 1362 non
937 1321 1087 1380 possum,
1120 1321 1167 1363 eor

147 1426 253 1467 mores
273 1402 330 1487 qni
354 1404 418 1464 lnec
444 1402 567 1475 lerant,
601 1420 720 1481 magnas
743 1399 819 1462 mihi
844 1398 1033 1479 turpitudini
1056 1403 1167 1464 adfine:

147 1504 260 1568 videri.
300 1505 379 1566 Sunt
404 1502 487 1563 enim
505 1500 792 1583 bominisingrati,
822 1512 854 1563 et
873 1501 1030 1563 malevoli.
1067 1502 1167 1585 Atcpn

147 1615 182 1665 tu
207 1603 233 1665 si
253 1603 304 1665 hic
331 1604 389 1676 sis,
418 1602 505 1684 quod
528 1622 594 1661 non
619 1600 703 1676 dico,
731 1601 822 1662 valde
849 1601 999 1681 indignus
1026 1601 1165 1664 videaris

147 1724 244 1788 quem
271 1725 331 1765 nos
362 1703 407 1766 sic
433 1701 603 1785 aliquando
630 1701 844 1776 coluerimus,
877 1702 930 1765 cui
954 1703 999 1764 sic
1026 1723 1045 1763 e
1070 1704 1167 1765 multis

147 1803 204 1867 uni
230 1804 325 1866 lidem
353 1803 564 1866 habuerimus.
607 1801 732 1863 Verum
763 1802 803 1862 ad
835 1822 948 1884 magna
981 1803 1031 1864 illa
1063 1804 1165 1865 redeo

147 1905 252 1967 Etiam
282 1917 377 1987 atquc
413 1904 505 1966 etiam
539 1903 712 1965 videndum
743 1901 800 1963 tibi
825 1914 888 1976 est,
930 1923 1025 1984 quam
1051 1923 1167 1966 causan

147 2005 386 2084 improbandam
420 2003 592 2084 suscipias,
627 2003 717 2087 quod
751 2014 861 2066 contra
897 2003 1014 2066 lactum
1048 2004 1167 2067 tuearis

148 2104 268 2167 Libros
286 2126 374 2167 meos
394 2105 613 2187 persequeris,
647 2125 714 2166 non
733 2105 792 2167 alia
811 2104 951 2179 ratione,
986 2125 1082 2188 quam
1102 2105 1167 2188 quit

147 2204 265 2268 habent
285 2224 342 2280 ea,
373 2226 443 2287 quaa
463 2205 591 2284 publico
611 2207 645 2268 in
665 2205 834 2269 Germania
859 2204 979 2285 jndicio
1007 2205 1167 2289 diligenter

148 2296 316 2388 inquisita,
349 2304 514 2368 manifeste
539 2307 685 2388 cognita,
717 2326 782 2391 uon
808 2306 1007 2369 severissime
1030 2307 1167 2369 damnata

149 2416 242 2480 sunt3
278 2428 348 2488 quaa
376 2426 486 2468 omnes
514 2406 654 2469 omnium
682 2406 830 2467 ordinum
856 2406 1011 2481 sentiunt,
1051 2429 1122 2490 qnae
1150 2431 1164 2469 s

149 2528 269 2589 paucos
298 2506 378 2569 illius
405 2507 564 2570 bonorum
589 2507 686 2570 hostis
712 2510 900 2569 collatrones
922 2507 1078 2587 excipias,
1113 2529 1167 2570 unt

150 2607 250 2669 omnis
272 2607 442 2668 Germania
460 2627 542 2668 voce
562 2610 729 2669 clamatura
748 2608 797 2668 sit.
842 2610 886 2671 At
904 2629 961 2671 cur
980 2630 1046 2670 non
1065 2609 1167 2671 eaden

150 2724 249 2783 opera
274 2705 356 2767 illam
382 2705 488 2767 induci
516 2705 841 2786 jubes'lllaximiliani
871 2708 1086 2771 sententiam?
1118 2728 1168 2770 ern

147 2803 225 2866 illud
243 2826 310 2867 non
329 2817 480 2868 retrectas
499 2807 659 2888 publicum
679 2804 855 2886 judicium?
882 2809 1043 2888 imperiale
1065 2810 1168 2871 decre·

148 2905 242 2967 tum?
270 2905 334 2986 Qui
352 2907 394 2969 ob
409 2909 529 2970 scelera
546 2918 708 2970 accusatus
723 2918 785 2982 est,
806 2907 987 2982 convictus,
1007 2907 1165 2990 judicatus

149 3017 182 3066 et
209 3006 371 3068 daumatus
399 3006 439 3068 tle
467 3028 509 3071 eo
538 3009 628 3091 qnod
657 3008 707 3068 illa
733 3007 868 3082 lecerit,
906 3010 972 3070 haec
995 3030 1109 3089 passus
1138 3010 1164 3073 si

148 3106 289 3170 scribere
309 3120 415 3182 vetas,
434 3107 504 3170 illos
516 3130 623 3172 rerum
640 3107 786 3170 dominos
802 3107 918 3190 pateris
934 3130 972 3170 ea
991 3110 1166 3172 decernere

148 3228 219 3290 quae
238 3207 419 3282 mediatis,
450 3221 504 3270 aut
529 3208 653 3290 scriptis
679 3208 795 3287 jactare
823 3230 888 3270 non
914 3209 1075 3272 convenit.
1115 3210 1167 3273 Set

150 3301 213 3385 jam
235 3305 319 3367 lorte
340 3328 406 3368 non
426 3308 554 3388 patieris
574 3309 677 3371 etiam.
728 3312 771 3375 At
796 3329 853 3370 cur
875 3320 937 3372 tam
960 3299 1167 3375 scro'acccdit

151 3405 190 3466 ad
223 3402 334 3486 judicii
368 3406 457 3469 istius
486 3408 770 3472 retrectationem?
822 3410 920 3491 Quod
949 3410 982 3471 in
1014 3421 1084 3472 toto
1117 3413 1167 3475 hot

149 3505 282 3586 negotio
312 3517 451 3570 erratum
481 3518 546 3583 est,
585 3509 612 3570 si
638 3509 801 3591 corrigere
827 3530 894 3572 non
923 3516 1035 3592 potes',
1076 3512 1167 3578 vides

151 3625 246 3688 qnam
265 3604 445 3686 periculose
464 3607 657 3685 crimineris,
681 3609 708 3672 si
727 3623 841 3688 potes,
873 3633 969 3696 quam
981 3612 1031 3688 ⁶0)
1050 3625 1100 3677 tot
1117 3611 1167 3696 jan

150 3726 249 3768 annos
267 3727 374 3768 errare
390 3708 591 3773 Germaniam
605 3708 687 3774 siuas
698 3711 792 3786 lm)
824 3712 893 3776 Cur
908 3734 973 3774 non
987 3734 1004 3774 a
1021 3714 1167 3798 principit

149 3806 251 3870 statim
278 3819 334 3871 tuo
365 3809 497 3871 consilio
528 3809 715 3888 occurristi,
755 3812 812 3875 sed
839 3814 872 3876 in
896 3825 1016 3877 tuntum
1042 3815 1167 3879 subindt

148 3929 293 3974 errorem
324 3909 462 3990 protrahi
488 3930 598 3992 passus
626 3933 660 3972 es
688 3933 814 3976 omnem
842 3915 1018 3977 Germaniae
1043 3918 1167 3998 plebem

151 4015 336 4082 universum
354 4022 534 4096 equestrem
556 4011 722 4074 ordinem?
748 4035 857 4077 omncs
877 4015 1059 4096 principes?
1084 4027 1167 4078 tutan

150 4109 377 4182 nobilitatem?
415 4111 488 4194 Age
516 4131 596 4174 vero
624 4134 697 4175 curn
723 4114 821 4180 scires
853 4136 919 4181 non
948 4102 1168 4180 accusationeu

151 4239 222 4281 csse
255 4227 416 4292 nostram,
455 4212 513 4276 sed
542 4213 745 4295 calumniam,
783 4216 824 4277 ad
856 4217 933 4280 illud
971 4217 1167 4282 Maximillae

158 4336 352 4359 ι-ι-,ιι-ν--ῡη

188 4424 216 4481 Ι’)
236 4438 317 4495 2:11.
355 4424 580 4507 ''Muaaaa'qul
617 4425 785 4487 wlsinus:
810 4434 874 4480 stuta.
