<?xml version="1.0" encoding="UTF-8"?>
<!DOCTYPE html PUBLIC "-//W3C//DTD XHTML 1.0 Transitional//EN"
    "http://www.w3.org/TR/xhtml1/DTD/xhtml1-transitional.dtd">
<html xmlns="http://www.w3.org/1999/xhtml" xml:lang="en" lang="en">
 <head>
  <title>
</title>
<meta http-equiv="Content-Type" content="text/html;charset=utf-8" />
  <meta name='ocr-system' content='tesseract 3.04.00' />
  <meta name='ocr-capabilities' content='ocr_page ocr_carea ocr_par ocr_line ocrx_word'/>
</head>
<body>
  <div class='ocr_page' id='page_1' title='image "./ulrichiabhutten02mngoog_0284.png"; bbox 0 0 2632 5086; ppageno 0'>
   <div class='ocr_carea' id='block_1_1' title="bbox 214 766 947 864">
    <p class='ocr_par' dir='ltr' id='par_1_1' title="bbox 214 766 947 864">
     <span class='ocr_line' id='line_1_1' title="bbox 214 766 947 864; baseline -0.005 -21"><span class='ocrx_word' id='word_1_1' title='bbox 214 772 291 845; x_wconf 70' lang='lat'>274</span> <span class='ocrx_word' id='word_1_2' title='bbox 502 770 563 843; x_wconf 90' lang='lat' dir='ltr'>De</span> <span class='ocrx_word' id='word_1_3' title='bbox 588 766 740 864; x_wconf 85' lang='lat' dir='ltr'>Guajaci</span> <span class='ocrx_word' id='word_1_4' title='bbox 763 766 947 841; x_wconf 83' lang='lat' dir='ltr'>medicina</span> 
     </span>
    </p>
   </div>
   <div class='ocr_carea' id='block_1_2' title="bbox 116 957 1255 4452">
    <p class='ocr_par' dir='ltr' id='par_1_2' title="bbox 116 957 1255 4452">
     <span class='ocr_line' id='line_1_2' title="bbox 213 957 1237 1037; baseline 0 -14"><span class='ocrx_word' id='word_1_5' title='bbox 213 982 284 1023; x_wconf 89' lang='lat' dir='ltr'>cum</span> <span class='ocrx_word' id='word_1_6' title='bbox 302 958 551 1032; x_wconf 67' lang='lat' dir='ltr'><strong>mercatoribus,</strong></span> <span class='ocrx_word' id='word_1_7' title='bbox 572 958 605 1019; x_wconf 89' lang='lat' dir='ltr'>in</span> <span class='ocrx_word' id='word_1_8' title='bbox 624 957 705 1021; x_wconf 87' lang='lat' dir='ltr'>lucri</span> <span class='ocrx_word' id='word_1_9' title='bbox 728 969 848 1037; x_wconf 84' lang='lat' dir='ltr'>partem</span> <span class='ocrx_word' id='word_1_10' title='bbox 872 967 908 1021; x_wconf 91' lang='lat' dir='ltr'>ut</span> <span class='ocrx_word' id='word_1_11' title='bbox 928 958 1159 1022; x_wconf 83' lang='lat' dir='ltr'>adruittantur.·</span> <span class='ocrx_word' id='word_1_12' title='bbox 1175 959 1237 1023; x_wconf 80' lang='lat' dir='ltr'>lte-</span> 
     </span>
     <span class='ocr_line' id='line_1_3' title="bbox 211 1058 1237 1144; baseline 0.003 -23"><span class='ocrx_word' id='word_1_13' title='bbox 211 1082 276 1144; x_wconf 86' lang='lat' dir='ltr'>que</span> <span class='ocrx_word' id='word_1_14' title='bbox 288 1061 353 1123; x_wconf 83' lang='lat' dir='ltr'>vidi</span> <span class='ocrx_word' id='word_1_15' title='bbox 369 1060 436 1141; x_wconf 88' lang='lat' dir='ltr'>ipse</span> <span class='ocrx_word' id='word_1_16' title='bbox 456 1058 613 1123; x_wconf 88' lang='lat' dir='ltr'>medicum</span> <span class='ocrx_word' id='word_1_17' title='bbox 630 1058 816 1141; x_wconf 76' lang='lat' dir='ltr'>quemdam,</span> <span class='ocrx_word' id='word_1_18' title='bbox 837 1059 866 1122; x_wconf 86' lang='lat' dir='ltr'>si</span> <span class='ocrx_word' id='word_1_19' title='bbox 881 1059 1043 1121; x_wconf 89' lang='lat' dir='ltr'>indoctum</span> <span class='ocrx_word' id='word_1_20' title='bbox 1060 1071 1091 1122; x_wconf 90' lang='lat' dir='ltr'>et</span> <span class='ocrx_word' id='word_1_21' title='bbox 1109 1060 1237 1143; x_wconf 87' lang='lat' dir='ltr'>imperi-</span> 
     </span>
     <span class='ocr_line' id='line_1_4' title="bbox 209 1157 1235 1243; baseline 0.001 -20"><span class='ocrx_word' id='word_1_22' title='bbox 209 1170 276 1223; x_wconf 81' lang='lat' dir='ltr'>trun</span> <span class='ocrx_word' id='word_1_23' title='bbox 287 1160 409 1223; x_wconf 83' lang='lat' dir='ltr'>asinum</span> <span class='ocrx_word' id='word_1_24' title='bbox 419 1161 480 1221; x_wconf 90' lang='lat' dir='ltr'>hoc</span> <span class='ocrx_word' id='word_1_25' title='bbox 492 1159 619 1221; x_wconf 87' lang='lat' dir='ltr'>nomine</span> <span class='ocrx_word' id='word_1_26' title='bbox 629 1158 813 1241; x_wconf 81' lang='lat' dir='ltr'>dignamur,</span> <span class='ocrx_word' id='word_1_27' title='bbox 826 1157 883 1243; x_wconf 88' lang='lat' dir='ltr'>qui</span> <span class='ocrx_word' id='word_1_28' title='bbox 891 1158 1070 1223; x_wconf 80' lang='lat' dir='ltr'>reclamavit</span> <span class='ocrx_word' id='word_1_29' title='bbox 1083 1159 1235 1241; x_wconf 83' lang='lat' dir='ltr'>Guajaco,</span> 
     </span>
     <span class='ocr_line' id='line_1_5' title="bbox 209 1252 1237 1342; baseline 0.001 -20"><span class='ocrx_word' id='word_1_30' title='bbox 209 1280 322 1342; x_wconf 80' lang='lat' dir='ltr'>magite</span> <span class='ocrx_word' id='word_1_31' title='bbox 341 1260 566 1336; x_wconf 89' lang='lat' dir='ltr'>contentione,</span> <span class='ocrx_word' id='word_1_32' title='bbox 580 1252 629 1338; x_wconf 76' lang='lat' dir='ltr'>&#39;nt</span> <span class='ocrx_word' id='word_1_33' title='bbox 648 1259 696 1322; x_wconf 87' lang='lat' dir='ltr'>rei</span> <span class='ocrx_word' id='word_1_34' title='bbox 713 1279 800 1321; x_wconf 79' lang='lat' dir='ltr'>vanae</span> <span class='ocrx_word' id='word_1_35' title='bbox 820 1271 852 1321; x_wconf 90' lang='lat' dir='ltr'>et</span> <span class='ocrx_word' id='word_1_36' title='bbox 872 1259 987 1321; x_wconf 90' lang='lat' dir='ltr'>nullius</span> <span class='ocrx_word' id='word_1_37' title='bbox 1007 1263 1178 1338; x_wconf 77' lang='lat' dir='ltr'>momenti,</span> <span class='ocrx_word' id='word_1_38' title='bbox 1205 1273 1237 1325; x_wconf 91' lang='lat' dir='ltr'>et</span> 
     </span>
     <span class='ocr_line' id='line_1_6' title="bbox 210 1357 1237 1444; baseline 0.001 -21"><span class='ocrx_word' id='word_1_39' title='bbox 210 1381 304 1444; x_wconf 85' lang='lat' dir='ltr'>quam</span> <span class='ocrx_word' id='word_1_40' title='bbox 326 1360 553 1423; x_wconf 86' lang='lat' dir='ltr'>ememirentur</span> <span class='ocrx_word' id='word_1_41' title='bbox 574 1357 807 1437; x_wconf 68' lang='lat' dir='ltr'>negotiatores,</span> <span class='ocrx_word' id='word_1_42' title='bbox 834 1360 900 1422; x_wconf 86' lang='lat' dir='ltr'>haec</span> <span class='ocrx_word' id='word_1_43' title='bbox 919 1381 1026 1441; x_wconf 88' lang='lat' dir='ltr'>posse.</span> <span class='ocrx_word' id='word_1_44' title='bbox 1063 1364 1107 1425; x_wconf 82' lang='lat' dir='ltr'>At</span> <span class='ocrx_word' id='word_1_45' title='bbox 1126 1365 1237 1443; x_wconf 87' lang='lat' dir='ltr'>paulo-</span> 
     </span>
     <span class='ocr_line' id='line_1_7' title="bbox 207 1458 1235 1545; baseline 0 -21"><span class='ocrx_word' id='word_1_46' title='bbox 207 1471 281 1545; x_wconf 85' lang='lat' dir='ltr'>post</span> <span class='ocrx_word' id='word_1_47' title='bbox 301 1461 386 1523; x_wconf 85' lang='lat' dir='ltr'>idem</span> <span class='ocrx_word' id='word_1_48' title='bbox 409 1461 459 1522; x_wconf 89' lang='lat' dir='ltr'>ille</span> <span class='ocrx_word' id='word_1_49' title='bbox 486 1458 679 1523; x_wconf 77' lang='lat' dir='ltr'>vociferator</span> <span class='ocrx_word' id='word_1_50' title='bbox 708 1460 822 1523; x_wconf 83' lang='lat' dir='ltr'>ascitus</span> <span class='ocrx_word' id='word_1_51' title='bbox 847 1459 882 1520; x_wconf 90' lang='lat' dir='ltr'>in</span> <span class='ocrx_word' id='word_1_52' title='bbox 906 1461 1101 1523; x_wconf 89' lang='lat' dir='ltr'>curationem</span> <span class='ocrx_word' id='word_1_53' title='bbox 1129 1463 1235 1525; x_wconf 87' lang='lat' dir='ltr'>divitis</span> 
     </span>
     <span class='ocr_line' id='line_1_8' title="bbox 208 1558 1235 1643; baseline 0.002 -20"><span class='ocrx_word' id='word_1_54' title='bbox 208 1558 390 1641; x_wconf 79' lang='lat' dir='ltr'>cujusdam,</span> <span class='ocrx_word' id='word_1_55' title='bbox 410 1573 506 1643; x_wconf 87' lang='lat' dir='ltr'>atque</span> <span class='ocrx_word' id='word_1_56' title='bbox 524 1559 637 1622; x_wconf 88' lang='lat' dir='ltr'>iterum</span> <span class='ocrx_word' id='word_1_57' title='bbox 657 1559 802 1636; x_wconf 87' lang='lat' dir='ltr'>alterius,</span> <span class='ocrx_word' id='word_1_58' title='bbox 825 1580 897 1622; x_wconf 91' lang='lat' dir='ltr'>cum</span> <span class='ocrx_word' id='word_1_59' title='bbox 911 1560 1100 1624; x_wconf 79' lang='lat' dir='ltr'>suboluisset</span> <span class='ocrx_word' id='word_1_60' title='bbox 1115 1563 1235 1625; x_wconf 91' lang='lat' dir='ltr'>homiui</span> 
     </span>
     <span class='ocr_line' id='line_1_9' title="bbox 206 1658 1233 1741; baseline 0.002 -19"><span class='ocrx_word' id='word_1_61' title='bbox 206 1681 338 1736; x_wconf 88' lang='lat' dir='ltr'>aurum,</span> <span class='ocrx_word' id='word_1_62' title='bbox 366 1680 499 1741; x_wconf 86' lang='lat' dir='ltr'>remque</span> <span class='ocrx_word' id='word_1_63' title='bbox 520 1659 644 1722; x_wconf 86' lang='lat' dir='ltr'>videret</span> <span class='ocrx_word' id='word_1_64' title='bbox 661 1658 798 1741; x_wconf 82' lang='lat' dir='ltr'>ingentis</span> <span class='ocrx_word' id='word_1_65' title='bbox 814 1660 910 1735; x_wconf 84' lang='lat' dir='ltr'>lucri,</span> <span class='ocrx_word' id='word_1_66' title='bbox 940 1673 1070 1741; x_wconf 85' lang='lat' dir='ltr'>propter</span> <span class='ocrx_word' id='word_1_67' title='bbox 1095 1659 1233 1724; x_wconf 90' lang='lat' dir='ltr'>multitu-</span> 
     </span>
     <span class='ocr_line' id='line_1_10' title="bbox 205 1758 1231 1840; baseline 0.001 -17"><span class='ocrx_word' id='word_1_68' title='bbox 205 1759 313 1823; x_wconf 85' lang='lat' dir='ltr'>dinem</span> <span class='ocrx_word' id='word_1_69' title='bbox 330 1760 566 1840; x_wconf 71' lang='lat' dir='ltr'>aegrotantium,</span> <span class='ocrx_word' id='word_1_70' title='bbox 587 1758 680 1839; x_wconf 85' lang='lat' dir='ltr'>coepit</span> <span class='ocrx_word' id='word_1_71' title='bbox 704 1758 807 1839; x_wconf 82' lang='lat' dir='ltr'>primo</span> <span class='ocrx_word' id='word_1_72' title='bbox 831 1758 937 1823; x_wconf 87' lang='lat' dir='ltr'>mitior</span> <span class='ocrx_word' id='word_1_73' title='bbox 961 1781 1049 1837; x_wconf 90' lang='lat' dir='ltr'>esse,</span> <span class='ocrx_word' id='word_1_74' title='bbox 1075 1773 1107 1823; x_wconf 89' lang='lat' dir='ltr'>ct</span> <span class='ocrx_word' id='word_1_75' title='bbox 1128 1762 1231 1824; x_wconf 92' lang='lat' dir='ltr'>miuus</span> 
     </span>
     <span class='ocr_line' id='line_1_11' title="bbox 191 1859 1232 1945; baseline -0.002 -20"><span class='ocrx_word' id='word_1_76' title='bbox 191 1860 373 1944; x_wconf 80' lang='lat' dir='ltr'>&#39;minusque</span> <span class='ocrx_word' id='word_1_77' title='bbox 396 1860 523 1935; x_wconf 84' lang='lat' dir='ltr'>saevire,</span> <span class='ocrx_word' id='word_1_78' title='bbox 549 1860 664 1923; x_wconf 89' lang='lat' dir='ltr'>deinde</span> <span class='ocrx_word' id='word_1_79' title='bbox 684 1859 777 1921; x_wconf 88' lang='lat' dir='ltr'>ctiam</span> <span class='ocrx_word' id='word_1_80' title='bbox 797 1859 943 1936; x_wconf 83' lang='lat' dir='ltr'>laudare,</span> <span class='ocrx_word' id='word_1_81' title='bbox 964 1881 1000 1922; x_wconf 90' lang='lat' dir='ltr'>ac</span> <span class='ocrx_word' id='word_1_82' title='bbox 1015 1863 1133 1945; x_wconf 84' lang='lat' dir='ltr'>magnis</span> <span class='ocrx_word' id='word_1_83' title='bbox 1153 1885 1232 1942; x_wconf 67' lang='lat' dir='ltr'>prae-</span> 
     </span>
     <span class='ocr_line' id='line_1_12' title="bbox 205 1959 1232 2045; baseline 0.001 -22"><span class='ocrx_word' id='word_1_84' title='bbox 205 1961 306 2023; x_wconf 87' lang='lat' dir='ltr'>coniis</span> <span class='ocrx_word' id='word_1_85' title='bbox 333 1964 485 2023; x_wconf 85' lang='lat' dir='ltr'>extollere</span> <span class='ocrx_word' id='word_1_86' title='bbox 510 1982 597 2036; x_wconf 86' lang='lat' dir='ltr'>rem,</span> <span class='ocrx_word' id='word_1_87' title='bbox 625 1960 717 2043; x_wconf 87' lang='lat' dir='ltr'>quia,</span> <span class='ocrx_word' id='word_1_88' title='bbox 737 1959 900 2045; x_wconf 85' lang='lat' dir='ltr'>inquiens,</span> <span class='ocrx_word' id='word_1_89' title='bbox 923 1982 1011 2023; x_wconf 83' lang='lat' dir='ltr'>rrunc</span> <span class='ocrx_word' id='word_1_90' title='bbox 1031 1962 1156 2024; x_wconf 90' lang='lat' dir='ltr'>taudem</span> <span class='ocrx_word' id='word_1_91' title='bbox 1175 1984 1232 2024; x_wconf 78' lang='lat' dir='ltr'>ex·</span> 
     </span>
     <span class='ocr_line' id='line_1_13' title="bbox 203 2058 1230 2143; baseline 0.003 -22"><span class='ocrx_word' id='word_1_92' title='bbox 203 2071 313 2140; x_wconf 86' lang='lat' dir='ltr'>pertus</span> <span class='ocrx_word' id='word_1_93' title='bbox 334 2059 404 2140; x_wconf 86' lang='lat' dir='ltr'>ejus</span> <span class='ocrx_word' id='word_1_94' title='bbox 431 2061 578 2122; x_wconf 85' lang='lat' dir='ltr'>virtutem</span> <span class='ocrx_word' id='word_1_95' title='bbox 603 2058 670 2141; x_wconf 88' lang='lat' dir='ltr'>ipse</span> <span class='ocrx_word' id='word_1_96' title='bbox 697 2080 778 2122; x_wconf 86' lang='lat' dir='ltr'>sum.</span> <span class='ocrx_word' id='word_1_97' title='bbox 815 2060 884 2121; x_wconf 89' lang='lat' dir='ltr'>lmo</span> <span class='ocrx_word' id='word_1_98' title='bbox 914 2060 989 2143; x_wconf 87' lang='lat' dir='ltr'>quia</span> <span class='ocrx_word' id='word_1_99' title='bbox 1018 2073 1048 2121; x_wconf 87' lang='lat' dir='ltr'>et</span> <span class='ocrx_word' id='word_1_100' title='bbox 1075 2073 1164 2124; x_wconf 89' lang='lat' dir='ltr'>tuum</span> <span class='ocrx_word' id='word_1_101' title='bbox 1186 2062 1230 2124; x_wconf 90' lang='lat' dir='ltr'>ibi</span> 
     </span>
     <span class='ocr_line' id='line_1_14' title="bbox 116 2158 1231 2246; baseline 0.003 -24"><span class='ocrx_word' id='word_1_102' title='bbox 116 2194 120 2205; x_wconf 91' lang='lat'>·</span> <span class='ocrx_word' id='word_1_103' title='bbox 202 2162 325 2223; x_wconf 86' lang='lat' dir='ltr'>lucrum</span> <span class='ocrx_word' id='word_1_104' title='bbox 348 2160 496 2237; x_wconf 83' lang='lat' dir='ltr'>invenisti</span> <span class='ocrx_word' id='word_1_105' title='bbox 526 2161 635 2235; x_wconf 54' lang='lat' dir='ltr'>asine„</span> <span class='ocrx_word' id='word_1_106' title='bbox 661 2163 769 2246; x_wconf 87' lang='lat' dir='ltr'>Atque</span> <span class='ocrx_word' id='word_1_107' title='bbox 790 2158 825 2221; x_wconf 90' lang='lat' dir='ltr'>iit</span> <span class='ocrx_word' id='word_1_108' title='bbox 845 2160 919 2222; x_wconf 86' lang='lat' dir='ltr'>&#39;lere</span> <span class='ocrx_word' id='word_1_109' title='bbox 944 2161 1106 2238; x_wconf 90' lang='lat' dir='ltr'>moribus,</span> <span class='ocrx_word' id='word_1_110' title='bbox 1135 2183 1231 2245; x_wconf 89' lang='lat' dir='ltr'>quem</span> 
     </span>
     <span class='ocr_line' id='line_1_15' title="bbox 202 2258 1228 2346; baseline -0.001 -21"><span class='ocrx_word' id='word_1_111' title='bbox 202 2263 372 2327; x_wconf 78' lang='lat' dir='ltr'>admodum</span> <span class='ocrx_word' id='word_1_112' title='bbox 385 2263 450 2323; x_wconf 82' lang='lat' dir='ltr'>aliae</span> <span class='ocrx_word' id='word_1_113' title='bbox 463 2282 572 2324; x_wconf 89' lang='lat' dir='ltr'>omnes</span> <span class='ocrx_word' id='word_1_114' title='bbox 585 2259 763 2334; x_wconf 81' lang='lat' dir='ltr'>medicinae,</span> <span class='ocrx_word' id='word_1_115' title='bbox 777 2258 822 2322; x_wconf 86' lang='lat' dir='ltr'>sic</span> <span class='ocrx_word' id='word_1_116' title='bbox 833 2260 892 2322; x_wconf 85' lang='lat' dir='ltr'>ista</span> <span class='ocrx_word' id='word_1_117' title='bbox 907 2281 1039 2346; x_wconf 85' lang='lat' dir='ltr'>quoque</span> <span class='ocrx_word' id='word_1_118' title='bbox 1051 2264 1228 2324; x_wconf 85' lang='lat' dir='ltr'>concedere</span> 
     </span>
     <span class='ocr_line' id='line_1_16' title="bbox 201 2358 1227 2441; baseline 0.001 -16"><span class='ocrx_word' id='word_1_119' title='bbox 201 2362 236 2425; x_wconf 90' lang='lat' dir='ltr'>in</span> <span class='ocrx_word' id='word_1_120' title='bbox 253 2384 391 2426; x_wconf 85' lang='lat' dir='ltr'>canones</span> <span class='ocrx_word' id='word_1_121' title='bbox 413 2362 549 2424; x_wconf 87' lang='lat' dir='ltr'>videtur.</span> <span class='ocrx_word' id='word_1_122' title='bbox 588 2361 685 2441; x_wconf 79' lang='lat' dir='ltr'>Quod</span> <span class='ocrx_word' id='word_1_123' title='bbox 704 2358 731 2422; x_wconf 92' lang='lat' dir='ltr'>si</span> <span class='ocrx_word' id='word_1_124' title='bbox 751 2359 834 2423; x_wconf 85' lang='lat' dir='ltr'>sanis</span> <span class='ocrx_word' id='word_1_125' title='bbox 856 2361 913 2423; x_wconf 89' lang='lat' dir='ltr'>illis</span> <span class='ocrx_word' id='word_1_126' title='bbox 931 2372 962 2421; x_wconf 88' lang='lat' dir='ltr'>ct</span> <span class='ocrx_word' id='word_1_127' title='bbox 980 2361 1080 2421; x_wconf 90' lang='lat' dir='ltr'>doctis</span> <span class='ocrx_word' id='word_1_128' title='bbox 1099 2362 1227 2427; x_wconf 90' lang='lat' dir='ltr'>medicis</span> 
     </span>
     <span class='ocr_line' id='line_1_17' title="bbox 200 2461 1228 2543; baseline 0.001 -18"><span class='ocrx_word' id='word_1_129' title='bbox 200 2463 385 2540; x_wconf 84' lang='lat' dir='ltr'>autoribus,</span> <span class='ocrx_word' id='word_1_130' title='bbox 411 2464 484 2537; x_wconf 82' lang='lat' dir='ltr'>liat,</span> <span class='ocrx_word' id='word_1_131' title='bbox 512 2483 579 2524; x_wconf 92' lang='lat' dir='ltr'>nou</span> <span class='ocrx_word' id='word_1_132' title='bbox 602 2461 766 2540; x_wconf 84' lang='lat' dir='ltr'>improbo,</span> <span class='ocrx_word' id='word_1_133' title='bbox 792 2481 971 2543; x_wconf 79' lang='lat' dir='ltr'>qttartquam</span> <span class='ocrx_word' id='word_1_134' title='bbox 992 2472 1026 2522; x_wconf 90' lang='lat' dir='ltr'>ut</span> <span class='ocrx_word' id='word_1_135' title='bbox 1045 2484 1148 2523; x_wconf 75' lang='lat' dir='ltr'>aueum</span> <span class='ocrx_word' id='word_1_136' title='bbox 1164 2465 1228 2526; x_wconf 81' lang='lat' dir='ltr'>lert</span> 
     </span>
     <span class='ocr_line' id='line_1_18' title="bbox 200 2559 1228 2643; baseline 0.004 -19"><span class='ocrx_word' id='word_1_137' title='bbox 200 2561 373 2643; x_wconf 87' lang='lat' dir='ltr'>judicium,</span> <span class='ocrx_word' id='word_1_138' title='bbox 394 2575 425 2623; x_wconf 89' lang='lat' dir='ltr'>et</span> <span class='ocrx_word' id='word_1_139' title='bbox 445 2564 589 2624; x_wconf 88' lang='lat' dir='ltr'>nondum</span> <span class='ocrx_word' id='word_1_140' title='bbox 609 2561 648 2622; x_wconf 93' lang='lat' dir='ltr'>ab</span> <span class='ocrx_word' id='word_1_141' title='bbox 666 2560 725 2623; x_wconf 90' lang='lat' dir='ltr'>illis</span> <span class='ocrx_word' id='word_1_142' title='bbox 744 2559 812 2623; x_wconf 83' lang='lat' dir='ltr'>fieri</span> <span class='ocrx_word' id='word_1_143' title='bbox 828 2580 924 2643; x_wconf 87' lang='lat' dir='ltr'>posse</span> <span class='ocrx_word' id='word_1_144' title='bbox 940 2563 1056 2637; x_wconf 85' lang='lat' dir='ltr'>cred0,</span> <span class='ocrx_word' id='word_1_145' title='bbox 1083 2574 1114 2624; x_wconf 89' lang='lat' dir='ltr'>et</span> <span class='ocrx_word' id='word_1_146' title='bbox 1136 2565 1228 2628; x_wconf 84' lang='lat' dir='ltr'>valde</span> 
     </span>
     <span class='ocr_line' id='line_1_19' title="bbox 200 2646 1228 2746; baseline 0.006 -25"><span class='ocrx_word' id='word_1_147' title='bbox 200 2661 413 2724; x_wconf 85' lang='lat' dir='ltr'>necessarium</span> <span class='ocrx_word' id='word_1_148' title='bbox 443 2681 598 2723; x_wconf 91' lang='lat' dir='ltr'>essenon</span> <span class='ocrx_word' id='word_1_149' title='bbox 626 2660 773 2724; x_wconf 82' lang='lat' dir='ltr'>arbitror.</span> <span class='ocrx_word' id='word_1_150' title='bbox 811 2664 876 2726; x_wconf 90' lang='lat' dir='ltr'>Aut</span> <span class='ocrx_word' id='word_1_151' title='bbox 903 2661 987 2723; x_wconf 88' lang='lat' dir='ltr'>cuim</span> <span class='ocrx_word' id='word_1_152' title='bbox 1011 2662 1042 2723; x_wconf 92' lang='lat' dir='ltr'>in</span> <span class='ocrx_word' id='word_1_153' title='bbox 1069 2646 1228 2746; x_wconf 75' lang='lat' dir='ltr'>spagnola</span> 
     </span>
     <span class='ocr_line' id='line_1_20' title="bbox 199 2760 1224 2844; baseline 0.003 -22"><span class='ocrx_word' id='word_1_154' title='bbox 199 2760 256 2823; x_wconf 91' lang='lat' dir='ltr'>ubi</span> <span class='ocrx_word' id='word_1_155' title='bbox 283 2761 397 2825; x_wconf 88' lang='lat' dir='ltr'>medici</span> <span class='ocrx_word' id='word_1_156' title='bbox 424 2782 491 2823; x_wconf 92' lang='lat' dir='ltr'>non</span> <span class='ocrx_word' id='word_1_157' title='bbox 516 2772 607 2837; x_wconf 91' lang='lat' dir='ltr'>sunt,</span> <span class='ocrx_word' id='word_1_158' title='bbox 646 2762 735 2823; x_wconf 87' lang='lat' dir='ltr'>deest</span> <span class='ocrx_word' id='word_1_159' title='bbox 759 2760 877 2844; x_wconf 91' lang='lat' dir='ltr'>aliquid</span> <span class='ocrx_word' id='word_1_160' title='bbox 905 2761 1134 2825; x_wconf 84' lang='lat' dir='ltr'>medicamento</span> <span class='ocrx_word' id='word_1_161' title='bbox 1158 2763 1224 2840; x_wconf 94' lang='lat' dir='ltr'>isti,</span> 
     </span>
     <span class='ocr_line' id='line_1_21' title="bbox 199 2860 1226 2945; baseline 0.004 -22"><span class='ocrx_word' id='word_1_162' title='bbox 199 2871 253 2923; x_wconf 79' lang='lat' dir='ltr'>aut</span> <span class='ocrx_word' id='word_1_163' title='bbox 271 2862 322 2923; x_wconf 83' lang='lat' dir='ltr'>hic</span> <span class='ocrx_word' id='word_1_164' title='bbox 345 2881 477 2945; x_wconf 86' lang='lat' dir='ltr'>quoque</span> <span class='ocrx_word' id='word_1_165' title='bbox 502 2861 579 2923; x_wconf 84' lang='lat' dir='ltr'>citra</span> <span class='ocrx_word' id='word_1_166' title='bbox 605 2860 861 2941; x_wconf 87' lang='lat' dir='ltr'>superstitionem</span> <span class='ocrx_word' id='word_1_167' title='bbox 888 2862 1096 2925; x_wconf 83' lang='lat' dir='ltr'>administrari</span> <span class='ocrx_word' id='word_1_168' title='bbox 1122 2862 1226 2944; x_wconf 90' lang='lat' dir='ltr'>ipsum</span> 
     </span>
     <span class='ocr_line' id='line_1_22' title="bbox 199 2961 1225 3047; baseline 0.002 -23"><span class='ocrx_word' id='word_1_169' title='bbox 199 2961 351 3043; x_wconf 87' lang='lat' dir='ltr'>oportuit.</span> <span class='ocrx_word' id='word_1_170' title='bbox 399 2963 512 3025; x_wconf 83' lang='lat' dir='ltr'>Potest</span> <span class='ocrx_word' id='word_1_171' title='bbox 539 2975 643 3025; x_wconf 87' lang='lat' dir='ltr'>autem</span> <span class='ocrx_word' id='word_1_172' title='bbox 670 2982 740 3025; x_wconf 87' lang='lat' dir='ltr'>esse</span> <span class='ocrx_word' id='word_1_173' title='bbox 770 2961 812 3024; x_wconf 90' lang='lat' dir='ltr'>ita</span> <span class='ocrx_word' id='word_1_174' title='bbox 836 2963 984 3026; x_wconf 82' lang='lat' dir='ltr'>credulus</span> <span class='ocrx_word' id='word_1_175' title='bbox 1010 2962 1165 3047; x_wconf 81' lang='lat' dir='ltr'>quispiam</span> <span class='ocrx_word' id='word_1_176' title='bbox 1190 2977 1225 3028; x_wconf 95' lang='lat' dir='ltr'>ut</span> 
     </span>
     <span class='ocr_line' id='line_1_23' title="bbox 197 3062 1224 3146; baseline 0.003 -21"><span class='ocrx_word' id='word_1_177' title='bbox 197 3064 352 3127; x_wconf 88' lang='lat' dir='ltr'>concedat</span> <span class='ocrx_word' id='word_1_178' title='bbox 373 3062 520 3138; x_wconf 89' lang='lat' dir='ltr'>medicis,</span> <span class='ocrx_word' id='word_1_179' title='bbox 546 3062 678 3145; x_wconf 88' lang='lat' dir='ltr'>peritius</span> <span class='ocrx_word' id='word_1_180' title='bbox 702 3081 774 3137; x_wconf 85' lang='lat' dir='ltr'>cos,</span> <span class='ocrx_word' id='word_1_181' title='bbox 804 3083 899 3146; x_wconf 83' lang='lat' dir='ltr'>quam</span> <span class='ocrx_word' id='word_1_182' title='bbox 918 3063 975 3146; x_wconf 85' lang='lat' dir='ltr'>qui</span> <span class='ocrx_word' id='word_1_183' title='bbox 993 3063 1118 3145; x_wconf 83' lang='lat' dir='ltr'>experti</span> <span class='ocrx_word' id='word_1_184' title='bbox 1137 3065 1170 3126; x_wconf 91' lang='lat' dir='ltr'>in</span> <span class='ocrx_word' id='word_1_185' title='bbox 1188 3087 1224 3128; x_wconf 88' lang='lat' dir='ltr'>se</span> 
     </span>
     <span class='ocr_line' id='line_1_24' title="bbox 196 3164 1223 3245; baseline -0.002 -18"><span class='ocrx_word' id='word_1_186' title='bbox 196 3166 323 3240; x_wconf 76' lang='lat' dir='ltr'>callent,</span> <span class='ocrx_word' id='word_1_187' title='bbox 343 3165 507 3245; x_wconf 81' lang='lat' dir='ltr'>negotium</span> <span class='ocrx_word' id='word_1_188' title='bbox 530 3166 592 3226; x_wconf 84' lang='lat' dir='ltr'>ltoc</span> <span class='ocrx_word' id='word_1_189' title='bbox 614 3173 763 3237; x_wconf 86' lang='lat' dir='ltr'>tractare,</span> <span class='ocrx_word' id='word_1_190' title='bbox 793 3184 864 3225; x_wconf 91' lang='lat' dir='ltr'>cum</span> <span class='ocrx_word' id='word_1_191' title='bbox 888 3164 1069 3239; x_wconf 82' lang='lat' dir='ltr'>videamus,</span> <span class='ocrx_word' id='word_1_192' title='bbox 1093 3164 1223 3227; x_wconf 86' lang='lat' dir='ltr'>brevius</span> 
     </span>
     <span class='ocr_line' id='line_1_25' title="bbox 195 3262 1222 3346; baseline 0 -20"><span class='ocrx_word' id='word_1_193' title='bbox 195 3263 327 3327; x_wconf 76' lang='lat' dir='ltr'>durasse</span> <span class='ocrx_word' id='word_1_194' title='bbox 348 3266 433 3344; x_wconf 87' lang='lat' dir='ltr'>apud</span> <span class='ocrx_word' id='word_1_195' title='bbox 452 3285 511 3326; x_wconf 91' lang='lat' dir='ltr'>nos</span> <span class='ocrx_word' id='word_1_196' title='bbox 532 3262 726 3339; x_wconf 80' lang='lat' dir='ltr'>Guajacum,</span> <span class='ocrx_word' id='word_1_197' title='bbox 752 3284 847 3345; x_wconf 86' lang='lat' dir='ltr'>quam</span> <span class='ocrx_word' id='word_1_198' title='bbox 870 3276 906 3325; x_wconf 93' lang='lat' dir='ltr'>ut</span> <span class='ocrx_word' id='word_1_199' title='bbox 925 3276 1047 3346; x_wconf 88' lang='lat' dir='ltr'>tempus</span> <span class='ocrx_word' id='word_1_200' title='bbox 1068 3276 1151 3328; x_wconf 87' lang='lat' dir='ltr'>esset</span> <span class='ocrx_word' id='word_1_201' title='bbox 1164 3265 1222 3327; x_wconf 89' lang='lat' dir='ltr'>illis</span> 
     </span>
     <span class='ocr_line' id='line_1_26' title="bbox 195 3356 1221 3446; baseline 0 -20"><span class='ocrx_word' id='word_1_202' title='bbox 195 3362 414 3443; x_wconf 83' lang='lat' dir='ltr'>perscmnandi</span> <span class='ocrx_word' id='word_1_203' title='bbox 441 3383 479 3423; x_wconf 89' lang='lat' dir='ltr'>ac</span> <span class='ocrx_word' id='word_1_204' title='bbox 503 3362 645 3424; x_wconf 87' lang='lat' dir='ltr'>discendi</span> <span class='ocrx_word' id='word_1_205' title='bbox 670 3375 812 3427; x_wconf 87' lang='lat' dir='ltr'>naturam</span> <span class='ocrx_word' id='word_1_206' title='bbox 839 3362 919 3444; x_wconf 85' lang='lat' dir='ltr'>ejus.</span> <span class='ocrx_word' id='word_1_207' title='bbox 957 3366 1037 3428; x_wconf 84' lang='lat' dir='ltr'>Nam</span> <span class='ocrx_word' id='word_1_208' title='bbox 1060 3376 1095 3427; x_wconf 93' lang='lat' dir='ltr'>ut</span> <span class='ocrx_word' id='word_1_209' title='bbox 1112 3356 1221 3446; x_wconf 88' lang='lat' dir='ltr'>paucis</span> 
     </span>
     <span class='ocr_line' id='line_1_27' title="bbox 195 3462 1221 3540; baseline 0.004 -16"><span class='ocrx_word' id='word_1_210' title='bbox 195 3462 314 3540; x_wconf 84' lang='lat' dir='ltr'>dicam,</span> <span class='ocrx_word' id='word_1_211' title='bbox 334 3463 415 3526; x_wconf 89' lang='lat' dir='ltr'>iutra</span> <span class='ocrx_word' id='word_1_212' title='bbox 432 3463 668 3526; x_wconf 79' lang='lat' dir='ltr'>admirationem</span> <span class='ocrx_word' id='word_1_213' title='bbox 687 3484 737 3526; x_wconf 90' lang='lat' dir='ltr'>res</span> <span class='ocrx_word' id='word_1_214' title='bbox 762 3475 907 3527; x_wconf 84' lang='lat' dir='ltr'>versatur</span> <span class='ocrx_word' id='word_1_215' title='bbox 925 3466 1043 3540; x_wconf 74' lang='lat' dir='ltr'>atllruc,</span> <span class='ocrx_word' id='word_1_216' title='bbox 1062 3467 1102 3528; x_wconf 89' lang='lat' dir='ltr'>ad</span> <span class='ocrx_word' id='word_1_217' title='bbox 1120 3470 1221 3528; x_wconf 86' lang='lat' dir='ltr'>scien·</span> 
     </span>
     <span class='ocr_line' id='line_1_28' title="bbox 194 3563 1220 3646; baseline 0.004 -22"><span class='ocrx_word' id='word_1_218' title='bbox 194 3563 269 3627; x_wconf 89' lang='lat' dir='ltr'>tiam</span> <span class='ocrx_word' id='word_1_219' title='bbox 290 3565 433 3629; x_wconf 88' lang='lat' dir='ltr'>nondum</span> <span class='ocrx_word' id='word_1_220' title='bbox 451 3564 606 3646; x_wconf 82' lang='lat' dir='ltr'>pervenit.</span> <span class='ocrx_word' id='word_1_221' title='bbox 647 3566 784 3641; x_wconf 80' lang='lat' dir='ltr'>Tantum</span> <span class='ocrx_word' id='word_1_222' title='bbox 804 3564 909 3640; x_wconf 85' lang='lat' dir='ltr'>abest,</span> <span class='ocrx_word' id='word_1_223' title='bbox 936 3564 1071 3628; x_wconf 88' lang='lat' dir='ltr'>istorum</span> <span class='ocrx_word' id='word_1_224' title='bbox 1091 3566 1220 3628; x_wconf 85' lang='lat' dir='ltr'>canoni·</span> 
     </span>
     <span class='ocr_line' id='line_1_29' title="bbox 193 3661 1220 3751; baseline 0.004 -26"><span class='ocrx_word' id='word_1_225' title='bbox 193 3661 253 3728; x_wconf 84' lang='lat' dir='ltr'>bus</span> <span class='ocrx_word' id='word_1_226' title='bbox 271 3675 308 3727; x_wconf 89' lang='lat' dir='ltr'>ut</span> <span class='ocrx_word' id='word_1_227' title='bbox 325 3663 439 3743; x_wconf 82' lang='lat' dir='ltr'>subjici</span> <span class='ocrx_word' id='word_1_228' title='bbox 454 3665 553 3747; x_wconf 87' lang='lat' dir='ltr'>possit</span> <span class='ocrx_word' id='word_1_229' title='bbox 567 3667 629 3726; x_wconf 93' lang='lat' dir='ltr'>hoc</span> <span class='ocrx_word' id='word_1_230' title='bbox 648 3665 749 3726; x_wconf 89' lang='lat' dir='ltr'>statim</span> <span class='ocrx_word' id='word_1_231' title='bbox 768 3675 932 3745; x_wconf 81' lang='lat' dir='ltr'>tempore,</span> <span class='ocrx_word' id='word_1_232' title='bbox 953 3676 1006 3727; x_wconf 89' lang='lat' dir='ltr'>ant</span> <span class='ocrx_word' id='word_1_233' title='bbox 1025 3666 1135 3751; x_wconf 81' lang='lat' dir='ltr'>aliquae</span> <span class='ocrx_word' id='word_1_234' title='bbox 1149 3667 1220 3747; x_wconf 90' lang='lat' dir='ltr'>ejus</span> 
     </span>
     <span class='ocr_line' id='line_1_30' title="bbox 193 3764 1221 3849; baseline 0.002 -22"><span class='ocrx_word' id='word_1_235' title='bbox 193 3783 294 3833; x_wconf 69' lang='lat' dir='ltr'>causa</span> <span class='ocrx_word' id='word_1_236' title='bbox 323 3764 428 3846; x_wconf 88' lang='lat' dir='ltr'>prodi.</span> <span class='ocrx_word' id='word_1_237' title='bbox 465 3765 603 3828; x_wconf 86' lang='lat' dir='ltr'>Insideat</span> <span class='ocrx_word' id='word_1_238' title='bbox 626 3767 688 3829; x_wconf 88' lang='lat' dir='ltr'>hoc</span> <span class='ocrx_word' id='word_1_239' title='bbox 713 3764 809 3845; x_wconf 86' lang='lat' dir='ltr'>igitur</span> <span class='ocrx_word' id='word_1_240' title='bbox 834 3766 1000 3841; x_wconf 90' lang='lat' dir='ltr'>omnibus,</span> <span class='ocrx_word' id='word_1_241' title='bbox 1028 3777 1064 3829; x_wconf 95' lang='lat' dir='ltr'>ut</span> <span class='ocrx_word' id='word_1_242' title='bbox 1088 3766 1221 3849; x_wconf 89' lang='lat' dir='ltr'>simplici</span> 
     </span>
     <span class='ocr_line' id='line_1_31' title="bbox 192 3846 1221 3948; baseline 0.002 -21"><span class='ocrx_word' id='word_1_243' title='bbox 192 3846 265 3941; x_wconf 71' lang='lat' dir='ltr'>bec,</span> <span class='ocrx_word' id='word_1_244' title='bbox 286 3885 381 3948; x_wconf 86' lang='lat' dir='ltr'>quam</span> <span class='ocrx_word' id='word_1_245' title='bbox 397 3864 522 3943; x_wconf 84' lang='lat' dir='ltr'>experti</span> <span class='ocrx_word' id='word_1_246' title='bbox 536 3886 595 3941; x_wconf 80' lang='lat' dir='ltr'>noe</span> <span class='ocrx_word' id='word_1_247' title='bbox 608 3855 776 3940; x_wconf 84' lang='lat' dir='ltr'>tradimus,</span> <span class='ocrx_word' id='word_1_248' title='bbox 792 3865 876 3928; x_wconf 88' lang='lat' dir='ltr'>dieta</span> <span class='ocrx_word' id='word_1_249' title='bbox 887 3866 991 3929; x_wconf 88' lang='lat' dir='ltr'>curari</span> <span class='ocrx_word' id='word_1_250' title='bbox 1004 3867 1077 3930; x_wconf 88' lang='lat' dir='ltr'>satis</span> <span class='ocrx_word' id='word_1_251' title='bbox 1093 3868 1221 3930; x_wconf 84' lang='lat' dir='ltr'>ducant.</span> 
     </span>
     <span class='ocr_line' id='line_1_32' title="bbox 192 3964 1220 4049; baseline 0.001 -20"><span class='ocrx_word' id='word_1_252' title='bbox 192 3964 281 4029; x_wconf 70' lang='lat' dir='ltr'>Senis</span> <span class='ocrx_word' id='word_1_253' title='bbox 298 3964 424 4026; x_wconf 83' lang='lat' dir='ltr'>iuterim</span> <span class='ocrx_word' id='word_1_254' title='bbox 439 3964 568 4028; x_wconf 88' lang='lat' dir='ltr'>medicis</span> <span class='ocrx_word' id='word_1_255' title='bbox 587 3965 785 4045; x_wconf 86' lang='lat' dir='ltr'>aspiciendos</span> <span class='ocrx_word' id='word_1_256' title='bbox 802 3988 837 4029; x_wconf 88' lang='lat' dir='ltr'>se</span> <span class='ocrx_word' id='word_1_257' title='bbox 854 3969 1012 4047; x_wconf 77' lang='lat' dir='ltr'>prebeant</span> <span class='ocrx_word' id='word_1_258' title='bbox 1028 3988 1127 4049; x_wconf 81' lang='lat' dir='ltr'>sape,</span> <span class='ocrx_word' id='word_1_259' title='bbox 1148 3990 1220 4048; x_wconf 88' lang='lat' dir='ltr'>spc-</span> 
     </span>
     <span class='ocr_line' id='line_1_33' title="bbox 191 4065 1218 4147; baseline 0 -20"><span class='ocrx_word' id='word_1_260' title='bbox 191 4065 256 4129; x_wconf 76' lang='lat' dir='ltr'>cies</span> <span class='ocrx_word' id='word_1_261' title='bbox 293 4065 426 4127; x_wconf 84' lang='lat' dir='ltr'>istorum</span> <span class='ocrx_word' id='word_1_262' title='bbox 461 4077 492 4128; x_wconf 88' lang='lat' dir='ltr'>et</span> <span class='ocrx_word' id='word_1_263' title='bbox 519 4078 657 4130; x_wconf 83' lang='lat' dir='ltr'>aromata</span> <span class='ocrx_word' id='word_1_264' title='bbox 686 4066 827 4142; x_wconf 85' lang='lat' dir='ltr'>mittant,</span> <span class='ocrx_word' id='word_1_265' title='bbox 859 4067 924 4130; x_wconf 92' lang='lat' dir='ltr'>imo</span> <span class='ocrx_word' id='word_1_266' title='bbox 951 4071 1081 4147; x_wconf 83' lang='lat' dir='ltr'>longum</span> <span class='ocrx_word' id='word_1_267' title='bbox 1112 4071 1218 4129; x_wconf 84' lang='lat' dir='ltr'>valere</span> 
     </span>
     <span class='ocr_line' id='line_1_34' title="bbox 191 4164 1255 4256; baseline -0.002 -28"><span class='ocrx_word' id='word_1_268' title='bbox 191 4164 296 4228; x_wconf 86' lang='lat' dir='ltr'>dicunt</span> <span class='ocrx_word' id='word_1_269' title='bbox 321 4165 386 4241; x_wconf 88' lang='lat' dir='ltr'>bis,</span> <span class='ocrx_word' id='word_1_270' title='bbox 415 4167 471 4249; x_wconf 90' lang='lat' dir='ltr'>qui</span> <span class='ocrx_word' id='word_1_271' title='bbox 496 4187 556 4230; x_wconf 91' lang='lat' dir='ltr'>nos</span> <span class='ocrx_word' id='word_1_272' title='bbox 585 4165 849 4247; x_wconf 85' lang='lat' dir='ltr'>disputationibus</span> <span class='ocrx_word' id='word_1_273' title='bbox 874 4168 1040 4231; x_wconf 86' lang='lat' dir='ltr'>restituere</span> <span class='ocrx_word' id='word_1_274' title='bbox 1059 4172 1078 4228; x_wconf 77' lang='lat' dir='ltr'>&#39;a</span> <span class='ocrx_word' id='word_1_275' title='bbox 1096 4166 1217 4228; x_wconf 89' lang='lat' dir='ltr'>morbis</span> <span class='ocrx_word' id='word_1_276' title='bbox 1252 4251 1255 4256; x_wconf 28' lang='grc' dir='ltr'>Ι</span> 
     </span>
     <span class='ocr_line' id='line_1_35' title="bbox 189 4264 1217 4359; baseline 0 -33"><span class='ocrx_word' id='word_1_277' title='bbox 189 4266 338 4346; x_wconf 76' lang='lat' dir='ltr'>gestiunt.</span> <span class='ocrx_word' id='word_1_278' title='bbox 376 4267 420 4329; x_wconf 91' lang='lat' dir='ltr'>Hi</span> <span class='ocrx_word' id='word_1_279' title='bbox 439 4278 529 4342; x_wconf 88' lang='lat' dir='ltr'>sunt,</span> <span class='ocrx_word' id='word_1_280' title='bbox 573 4267 683 4350; x_wconf 88' lang='lat' dir='ltr'>quint</span> <span class='ocrx_word' id='word_1_281' title='bbox 702 4266 770 4329; x_wconf 87' lang='lat' dir='ltr'>dixi</span> <span class='ocrx_word' id='word_1_282' title='bbox 788 4268 851 4355; x_wconf 62' lang='lat' dir='ltr'>uile</span> <span class='ocrx_word' id='word_1_283' title='bbox 870 4267 946 4359; x_wconf 78' lang='lat' dir='ltr'>nibil</span> <span class='ocrx_word' id='word_1_284' title='bbox 967 4266 1122 4349; x_wconf 86' lang='lat' dir='ltr'>probant,</span> <span class='ocrx_word' id='word_1_285' title='bbox 1144 4264 1217 4348; x_wconf 89' lang='lat' dir='ltr'>qui-</span> 
     </span>
     <span class='ocr_line' id='line_1_36' title="bbox 189 4366 1216 4452; baseline -0.003 -23"><span class='ocrx_word' id='word_1_286' title='bbox 189 4386 253 4452; x_wconf 84' lang='lat' dir='ltr'>que</span> <span class='ocrx_word' id='word_1_287' title='bbox 269 4366 408 4437; x_wconf 71' lang='lat' dir='ltr'>labialem</span> <span class='ocrx_word' id='word_1_288' title='bbox 425 4387 476 4431; x_wconf 85' lang='lat' dir='ltr'>me</span> <span class='ocrx_word' id='word_1_289' title='bbox 493 4388 622 4431; x_wconf 86' lang='lat' dir='ltr'>narrare</span> <span class='ocrx_word' id='word_1_290' title='bbox 639 4379 766 4448; x_wconf 77' lang='lat' dir='ltr'>putarit,</span> <span class='ocrx_word' id='word_1_291' title='bbox 785 4388 859 4431; x_wconf 88' lang='lat' dir='ltr'>cum</span> <span class='ocrx_word' id='word_1_292' title='bbox 872 4368 946 4430; x_wconf 82' lang='lat' dir='ltr'>dico</span> <span class='ocrx_word' id='word_1_293' title='bbox 963 4366 1062 4429; x_wconf 87' lang='lat' dir='ltr'>octies</span> <span class='ocrx_word' id='word_1_294' title='bbox 1082 4367 1216 4448; x_wconf 87' lang='lat' dir='ltr'>amplius</span> 
     </span>
    </p>
   </div>
   <div class='ocr_carea' id='block_1_3' title="bbox 0 0 1320 5086">
    <p class='ocr_par' dir='ltr' id='par_1_3' title="bbox 0 0 1320 5086">
     <span class='ocr_line' id='line_1_37' title="bbox 0 0 1320 5086; baseline 0 8"><span class='ocrx_word' id='word_1_295' title='bbox 0 0 1320 5086; x_wconf 95' lang='lat' dir='ltr'> </span> 
     </span>
    </p>
   </div>
  </div>
 </body>
</html>
