2632 5086
425 701 475 773 ad
498 697 651 774 Petrum
677 703 723 774 de
747 704 888 779 iussas.
952 752 956 757 ·
1104 716 1165 787 l9l

149 911 209 954 uon
236 903 291 991 est
317 890 448 956 visum?
485 893 549 958 Ubi
580 894 632 957 illa
662 906 710 956 est
734 896 903 977 prudentia
940 907 1013 972 tna,
1049 919 1118 982 qna·
1137 899 1172 965 in

146 1004 283 1074 tempore
311 996 469 1072 consulis,
497 997 547 1058 illa
574 988 752 1074 l'ortitud0,
779 1020 841 1081 qua
862 1021 926 1061 riou
951 999 1027 1064 sinis
1046 1023 1064 1062 a
1083 1014 1171 1064 recte

143 1097 339 1157 consulendo
366 1097 542 1160 absterrere
581 1099 643 1159 te?
681 1099 747 1159 Ant
782 1099 897 1181 quibus
931 1121 989 1161 nos
1025 1101 1172 1166 anfracti-

140 1195 218 1273 bus,
267 1218 332 1281 qua
373 1199 636 1282 tergiversatione
673 1199 829 1280 impetis?
883 1203 991 1263 Statue
1034 1204 1171 1289 tandem,

141 1299 214 1382 quid
242 1309 277 1359 te
305 1299 442 1361 moverit
470 1299 700 1379 potissimum!¹
722 1303 802 1364 uam
829 1303 868 1364 de
890 1303 1052 1384 Episcopo
1078 1304 1170 1386 cujus

139 1412 168 1460 te
187 1402 368 1481 pericnlum
389 1401 511 1463 amoliri
530 1402 690 1483 fingebas,
712 1403 836 1464 ostendi
856 1425 951 1487 qumn
968 1405 1042 1466 uiuit
1062 1405 1172 1470 suerit.

141 1502 223 1580 Quid
243 1501 332 1563 aliud
352 1514 400 1564 est
420 1503 536 1583 igitur,
569 1525 626 1565 cur
650 1514 684 1565 tu
704 1522 745 1562 ex
766 1504 917 1581 Francis,
950 1517 980 1566 ct
1010 1507 1172 1588 equitibus

141 1601 306 1664 Gennanis
334 1603 481 1665 omuibus
508 1627 591 1666 unns
617 1603 766 1684 erupisti,
797 1603 853 1687 qni
879 1627 1004 1667 causam
1030 1620 1170 1674 nostram

141 1703 179 1763 sic
198 1704 381 1786 cognitam,
409 1704 455 1767 sic
474 1704 643 1784 judicatam
662 1702 796 1766 eleves?
827 1704 1005 1766 Praesertim
1025 1711 1120 1770 multa
1140 1721 1172 1772 et

141 1823 248 1886 magna
276 1826 349 1866 cum
375 1805 437 1867 siut
463 1808 678 1868 Hnttenorum
698 1805 730 1866 in
755 1813 787 1864 te
813 1806 987 1880 beneficia,
1022 1829 1091 1889 quae
1112 1810 1173 1871 nisi

141 1917 272 1978 asserit,
308 1904 394 1967 atiud
427 1906 580 1987 suspicari
612 1905 688 1967 nihil
716 1925 865 1986 possem,
905 1916 935 1967 te
965 1908 1121 1984 movisse,
1140 1911 1170 1987 ζ“)

143 2029 230 2091 qrrarn
255 2005 347 2088 quod
373 2007 414 2069 ita
440 2006 540 2068 nostri
563 2006 680 2067 invidia
701 2006 853 2080 tenearis,
889 2018 925 2068 ut
944 2027 1027 2090 tegre
1048 1996 1171 2092 videas,

142 2130 179 2170 ex
196 2111 255 2173 hac
275 2107 449 2169 calamitate
470 2106 645 2169 innotuisse
672 2128 731 2169 nos
751 2108 933 2187 splendide,
964 2121 996 2171 et
1016 2111 1170 2176 universo

143 2209 197 2287 jam
217 2208 300 2270 orbe
322 2229 439 2270 nomen
459 2207 662 2269 Hnttenicum
681 2209 793 2271 clarius
808 2208 942 2280 lactum,
965 2231 1023 2272 nos
1043 2211 1171 2276 illustri·

144 2333 208 2374 ores
228 2308 352 2372 haberi.
392 2309 489 2388 Quod
509 2306 534 2370 si
554 2308 646 2375 nobis
662 2307 804 2384 invides,
825 2329 885 2370 nec
904 2311 1090 2391 sanguinem
1111 2312 1171 2396 qui

146 2412 316 2484 emisimus,
350 2428 409 2469 eos
429 2408 615 2470 innocentia
635 2409 765 2485 lamam,
799 2423 832 2470 et
858 2409 1077 2473 misericordia
1093 2432 1172 2475 con·

149 2512 327 2574 solationem
355 2507 499 2570 invenire
527 2507 668 2589 pateris,
701 2507 779 2591 quid
808 2532 864 2574 eos
891 2511 980 2586 fers,
1018 2511 1074 2595 qui
1106 2514 1172 2577 haee

146 2613 233 2678 nobis
248 2612 412 2682 tribuunt,
443 2608 639 2670 constituunt
667 2630 702 2670 ao
722 2611 869 2675 firmant?
899 2611 981 2674 Sinis
1001 2615 1084 2675 hurle
1108 2633 1169 2678 nos

144 2712 295 2786 functum,
334 2710 411 2772 tanti
437 2709 558 2773 doloris
578 2711 746 2787 solatium,
773 2712 851 2774 tanti
870 2714 970 2775 luctus
996 2715 1169 2815 premium,

145 2812 255 2876 linitos
286 2814 399 2875 saltem
430 2809 573 2892 capere?
611 2810 714 2872 fateor
748 2833 807 2875 nos
844 2824 972 2877 ornatos
1007 2837 1077 2878 esse
1113 2819 1172 2880 hac

144 2935 287 2977 erumna.
326 2910 392 2975 Sed
411 2913 482 2996 quis
502 2911 543 2973 ita
563 2932 639 2973 suos
659 2910 859 2996 propinquos
881 2916 966 2992 odit,
988 2927 1023 2976 ut
1043 2917 1173 2981 misera·

145 3014 191 3078 bili
209 3017 328 3078 horum
354 3033 432 3075 nece
449 3012 597 3075 illustrari
616 3012 745 3094 cupiat?
786 3017 851 3076 Ant
872 3016 943 3098 quis
964 3015 1006 3075 ita
1025 3013 1172 3079 fortunas

146 3137 208 3180 suas
238 3113 397 3197 negligit,
434 3124 470 3175 ut
496 3114 573 3177 lauti
604 3135 710 3175 eruere
737 3113 813 3176 velit
838 3113 1107 3193 inisericordiam,
1139 3129 1174 3181 et

146 3215 329 3295 nnqcentne
356 3213 564 3295 opinionem?
607 3215 662 3276 uu
690 3225 723 3274 tu
751 3213 838 3275 omni
864 3226 954 3294 petra
983 3217 1095 3279 durior
1125 3204 1172 3296 ἐι,

146 3313 252 3379 Petro!
287 3315 345 3399 qui
369 3336 429 3378 nos
456 3334 529 3377 cum
557 3312 603 3378 sie
631 3317 742 3399 lugere
769 3315 857 3395 prius
886 3316 1020 3393 videris,
1053 3318 1171 3384 deiude

147 3417 229 3479 tantis
250 3416 439 3498 impendiis,
470 3416 622 3478 immenso
644 3438 744 3498 prope
767 3429 894 3496 sumptu
920 3415 1074 3498 judiciuin
1094 3440 1171 3500 pro-

146 3517 247 3601 sequi,
264 3538 368 3594 arma,
384 3517 488 3591 viros,
506 3519 682 3581 exercitum
695 3537 896 3594 comparare,
916 3530 1019 3581 tamen
1033 3520 1170 3602 invides,

145 3618 260 3701 tiquam
287 3638 355 3680 non
381 3619 572 3693 affectatam,
604 3640 671 3681 non
699 3619 881 3705 quesitam,
907 3631 939 3680 et
956 3621 1004 3697 ”J
1025 3641 1085 3685 neo
1112 3642 1170 3704 spe

144 3740 195 3783 nec
221 3719 378 3801 opinione
392 3733 611 3802 praesumtum,
633 3719 691 3782 sed
709 3720 834 3801 publica
852 3721 1067 3784 misericordia
1086 3727 1168 3787 ultro

145 3821 297 3900 objectam
311 3820 404 3884 nobis
419 3821 552 3904 gloriam
569 3820 710 3883 adsecuti
722 3843 841 3883 sumus.
869 3825 977 3906 Atque
994 3825 1078 3886 hune
1092 3846 1169 3908 ego,

146 3921 285 4002 quisquis
317 3932 367 3984 est
395 3923 559 3997 omnium,
595 3933 755 4004 quotquot
788 3944 895 3985 sumus
922 3926 990 4000 um)
1025 3925 1171 4004 Hutteni,

146 4019 278 4098 pessime
295 4021 455 4103 perditum
479 4023 591 4100 velim,
613 4024 669 4106 qui
689 4023 734 4087 sic
757 4024 919 4087 adficiatur
941 4025 998 4086 hae
1015 4024 1114 4103 fama,
1134 4039 1171 4091 ut

145 4132 226 4183 recte
239 4134 352 4185 emtam
365 4144 435 4187 eam
448 4124 695 4189 innocentissimi
706 4124 832 4205 juvenis
847 4126 976 4188 interitu
990 4128 1170 4228 existimet?

149 4245 334 4263 ψ

178 4327 206 4397 ·)
218 4343 348 4386 monisse:
367 4339 495 4392 monuisse.
522 4330 567 4400 n)
586 4346 702 4388 veritae:
721 4349 746 4387 et
767 4339 856 4398 heizet.
881 4331 941 4402 m)
955 4354 1057 4390 samus:
1072 4347 1134 4390 sunt.
