2632 5086
203 704 276 781 tol
456 699 563 775 Tries
586 700 756 773 Romana
785 697 975 800 Dialogus.

205 893 315 959 mani?
345 914 412 956 non
432 892 520 955 ferro
540 913 576 957 ac
596 891 663 973 igni
683 890 859 955 invadent?
892 893 937 955 Hi
965 903 1038 955 sunt
1061 894 1235 975 depecula-

206 1008 293 1059 tores
313 992 447 1055 nationis
466 988 580 1071 hujus,
601 989 657 1073 qui
677 991 848 1069 cupiditate
869 992 976 1074 prius,
995 1014 1079 1057 nunc
1101 993 1235 1056 andacia

205 1097 309 1171 item,
351 1105 383 1157 et
411 1093 523 1155 ferrare
550 1091 718 1173 compilant
752 1095 905 1174 populum
935 1092 1021 1157 orbis
1051 1095 1235 1171 (lominum,

207 1196 393 1277 sanguinem
415 1214 451 1254 ac
469 1192 621 1254 sudorem
641 1193 803 1254 Germanae
821 1194 921 1275 plebis
942 1195 1068 1257 helluati
1093 1196 1237 1260 evisce-

207 1295 296 1359 ribus
330 1312 504 1375 pauperum
539 1312 629 1353 suam
660 1291 834 1373 ingluviem
863 1295 1105 1371 confertientes,
1138 1319 1237 1360 suum

209 1398 321 1459 luxum
359 1396 488 1455 alentes.
538 1390 597 1454 llis
634 1413 745 1454 auriim
775 1414 833 1454 nos
866 1392 986 1457 damus.
1039 1396 1083 1458 Ili
1120 1408 1236 1461 nostro

209 1510 336 1576 sumptu
369 1514 472 1577 equos
501 1494 611 1568 alunt,
651 1514 767 1567 canes,
805 1495 925 1570 mulas,
965 1510 1021 1571 et,
1059 1516 1078 1557 ο
1111 1500 1235 1562 scelus!

209 1595 407 1670 meretrices,
428 1605 460 1654 et
478 1591 635 1656 catamitos
654 1591 777 1654 fovent.
814 1595 857 1657 Hi
878 1598 1131 1677 nostrapecunia
1147 1621 1238 1663 suam

209 1696 346 1763 fulciunt
364 1695 565 1777 pravitatem,
594 1714 682 1757 stiam
701 1704 882 1773 comparant
901 1696 1012 1771 vitam,
1039 1718 1075 1760 se
1094 1721 1239 1780 purpura

210 1796 364 1870 induunt,
392 1815 495 1877 equos
515 1815 604 1869 suos,
632 1804 664 1855 et
689 1795 790 1857 mulos
818 1814 895 1857 atrro
920 1797 1067 1871 frenant,
1095 1799 1238 1863 esolido

211 1914 369 1959 marmore
388 1895 502 1956 (lomus
522 1904 725 1967 construunt,
749 1893 822 1976 qui,
844 1915 915 1957 cum
934 1897 1060 1975 praesint
1076 1898 1238 1977 religioni,

212 2015 279 2058 non
308 2006 427 2056 tantum
453 1995 532 2054 hanc
557 1992 722 2073 negligunt
747 1998 880 2068 tamen‚‘
906 1996 995 2076 quod
1023 1996 1138 2077 piaculi
1164 2000 1240 2062 satis

212 2105 298 2167 erat,
318 2095 374 2156 sed
395 2103 599 2154 contemnunt
619 2093 729 2167 etiam,
749 2093 814 2154 imo
833 2091 896 2169 jam
915 2094 1049 2169 violant,
1069 2099 1238 2177 polluunt,

213 2206 246 2256 et
264 2192 484 2254 contaminant.
527 2192 569 2253 lli
598 2212 670 2253 cum
695 2192 784 2255 visco
810 2192 897 2273 prius
926 2197 1062 2277 quodam
1080 2196 1240 2264 inescatos

213 2313 274 2357 nos
294 2302 459 2372 caperent,
480 2303 511 2353 et
526 2291 725 2365 mentiendo,
746 2294 915 2375 lingendo,
936 2317 972 2357 ac
986 2297 1121 2359 fallendo
1136 2308 1240 2377 pecu·

187 2393 296 2475 „niam
316 2393 529 2474 emulgerent,
558 2410 643 2452 nunc
661 2402 801 2469 terrore,
828 2393 936 2471 minis,
966 2395 1015 2471 vi,
1035 2410 1067 2458 et
1085 2399 1238 2463 violentia

171 2464 384 2575 '‘⁴ilirlpiiint‚
404 2512 440 2553 ac
459 2490 594 2581 spolient
613 2492 679 2568 lupi
698 2512 759 2554 ceu

318 2606 478 2671 Raptores
495 2610 571 2655 atra
589 2603 623 2655 iu
641 2600 770 2670 nebula,
789 2620 865 2673 quos
887 2604 1168 2675 improbavimus

317 2695 439 2769 Exeqit
456 2711 552 2749 cacos
573 2693 697 2764 rabies,
715 2696 872 2769 catulique
887 2698 1003 2753 relicti.

289 2793 398 2873 Atque
408 2794 467 2855 lios
478 2794 605 2875 palpare
617 2808 759 2873 oportet,
781 2816 847 2856 non
863 2816 1025 2874 pungere,
1042 2809 1096 2861 aut
1109 2800 1243 2876 vellere,

214 2910 256 2957 ne
284 2904 413 2971 tangere
444 2892 594 2976 quidem,
634 2906 687 2956 aut
714 2914 854 2956 movere.
906 2896 993 2975 Quin
1024 2897 1242 2979 resipiscimus

214 2992 360 3067 tetidem,
381 3005 411 3053 et
429 2994 636 3074 opprobrium
652 2995 715 3055 hoc
731 3006 891 3071 nostrum,
911 2997 1066 3075 publicam
1085 3000 1243 3063 catenias-

215 3104 278 3155 tem
298 3093 497 3168 ulciscimur,
519 3113 536 3153 a
555 3114 621 3176 apio
641 3090 802 3171 religionis
824 3105 895 3157 ante
916 3097 1042 3175 opinio,
1063 3109 1096 3160 et
1115 3097 1242 3179 pietatis

215 3192 396 3258 reverentia
419 3190 571 3269 detinuit,
597 3213 638 3255 eo
663 3193 832 3258 necessitas
852 3195 950 3280 adigit
969 3218 1071 3277 nunc,
1101 3211 1133 3265 et
1153 3219 1244 3264 com·

216 3292 313 3378 pellit.
792 3320 795 3325 ·

640 3409 814 3475 Hutten.

294 3525 412 3589 lratnm
430 3536 462 3588 te
482 3524 578 3588 uxori
597 3534 657 3587 tuae
676 3526 813 3588 remitto.
1130 3526 1142 3557 ⁸

295 3714 380 3795 Quid
400 3733 464 3775 non
484 3641 709 3779 irascartEJui
722 3642 875 3801 {iiiiii
900 3719 1022 3802 patiens
1054 3729 1120 3797 est,
1145 3740 1244 3806 quem

219 3814 284 3877 laec
304 3833 369 3875 non
388 3813 630 3877 commoveant?

643 3933 675 3994 Η
686 3956 708 3996 u
718 3945 818 4000 tton.

296 4045 339 4109 Aa
357 4044 439 4109 sines
459 4043 498 4107 ah
517 4042 568 4108 illa
586 4047 713 4126 placari.

636 4163 828 4229 Ernhold.

298 4276 400 4340 Etiam
420 4279 534 4359 jocaris
551 4282 584 4346 in
603 4302 639 4345 re
658 4293 751 4343 tanta.
