2632 5086
345 749 605 827 samberrem
630 750 789 852 Princip.
813 752 874 829 lib.
1052 758 1126 833 278

94 946 292 1030 namelmqne
316 945 409 1008 etlam
437 966 500 1010 rnre
520 940 661 1026 spontis,
681 954 716 1009 et
737 962 853 1023 sanna,
880 944 959 1029 qirln
979 943 1122 1028 piram

94 1049 217 1131 copolis
250 1044 387 1109 scribant
419 1046 564 1128 Recipe,
596 1056 651 1109 aut
685 1046 804 1130 aliquid
836 1058 1031 1109 contractum
1062 1044 1126 1127 jani

93 1148 199 1212 morbi
212 1147 364 1226 suspicari
379 1165 432 1220 se,
452 1157 506 1208 aut
517 1145 774 1226 praeveniendum
787 1148 1018 1222 imminentem,
1034 1147 1124 1211 dicti·

95 1262 215 1321 tsntes3
248 1248 308 1309 nisi
326 1248 388 1310 hoc
407 1248 561 1330 deglutias
580 1245 747 1330 inquiunt,
768 1258 821 1310 atat
843 1246 920 1310 illud
943 1248 1048 1321 bibas,
1074 1248 1124 1311 le-

94 1353 184 1414 brem
215 1347 321 1411 habes.
366 1347 490 1410 Perditi
518 1346 680 1421 homines,
709 1357 741 1409 et
758 1348 900 1429 inprimis
922 1349 999 1411 odio
1020 1348 1124 1430 digni·

94 1455 136 1516 At
169 1452 277 1532 quales
304 1450 412 1531 quales
438 1458 530 1523 sunt,
558 1449 652 1509 multa
676 1446 737 1509 sibi
756 1470 859 1529 nuper
883 1449 965 1512 circa
990 1448 1125 1528 Gitajaci

96 1547 396 1629 administrationem
418 1548 558 1610 tribuere
578 1549 646 1611 ausi
664 1560 756 1625 sunt,
788 1549 822 1615 in
842 1572 925 1632 opus
945 1550 1020 1613 illud
1040 1551 1125 1613 ultro

96 1651 293 1713 intrudentes
311 1669 397 1724 sese,
418 1647 511 1710 etiatu
526 1648 583 1730 qni
598 1649 739 1712 vendunt
752 1649 854 1730 ipsum
868 1650 1124 1730 suffragantibus,

96 1751 234 1834 quandam
261 1749 359 1811 credo
386 1748 467 1811 inter
494 1768 529 1810 se
554 1759 666 1827 pacto,
698 1760 731 1810 et
759 1762 867 1812 mutua
897 1751 1122 1813 conuentione.

96 1853 176 1912 Nam
204 1849 246 1911 illi
274 1870 345 1910 eum
373 1849 519 1910 riderent
549 1848 661 1910 rudem
685 1851 764 1912 lianc
795 1861 827 1912 et
857 1850 1125 1929 contemptibilem

96 1950 280 2013 medicinam
302 1949 444 2022 efficere,
465 1966 506 2009 ne
524 1958 599 2028 post
620 1949 677 2013 hac
696 1960 744 2012 tot
760 1951 826 2021 suis
844 1951 1125 2033 disceptationiba.

97 2074 180 2131 opus
205 2050 265 2124 sit,
292 2070 351 2112 nec
376 2050 530 2111 auderent
558 2059 662 2111 tamen
693 2048 846 2127 (voluisse
873 2062 977 2115 autem
1001 2052 1125 2136 aliquos

96 2152 183 2225 seio)
220 2162 279 2212 tam
311 2147 478 2211 favorabili
511 2168 582 2211 sese
612 2149 661 2212 rei
698 2170 888 2231 opponere,
919 2150 1124 2234 vicissimque

95 2262 272 2314 metuerent
285 2261 497 2326 mercatores,
518 2270 558 2313 ne
575 2248 602 2314 si
623 2270 689 2311 uon
706 2250 878 2331 probarent
897 2251 1027 2326 medici,
1049 2250 1125 2334 quia

95 2374 188 2415 nemo
203 2351 294 2414 facile
312 2350 455 2414 aditurus
468 2361 529 2412 tam
545 2351 672 2412 aliunde
687 2351 815 2433 petitam
828 2351 1016 2415 medicinam
1029 2361 1123 2427 esset,

96 2465 127 2514 et
149 2450 240 2532 crrjns
263 2462 324 2514 tam
347 2458 460 2531 preter
488 2453 655 2533 vulgarem=
675 2452 824 2515 medendi
850 2471 942 2514 usum
962 2461 1045 2514 esset
1068 2448 1123 2515 ad·

94 2550 296 2626 ministratio,
313 2570 422 2632 parum
438 2549 498 2631 ipsi
516 2551 706 2628 venderent,
721 2554 910 2616 convenisse
924 2552 1007 2615 inter
1020 2562 1125 2615 utro&

95 2672 159 2737 que
180 2651 295 2727 credo,
319 2648 405 2712 utin
423 2652 538 2733 vulgus
564 2654 731 2729 sileretur,
756 2653 964 2718 necessariam
986 2649 1031 2715 ibi
1052 2670 1123 2719 este

95 2749 293 2815 medicorum
319 2768 465 2831 operam,
487 2772 552 2834 quo
573 2763 606 2815 et
625 2752 667 2814 illi
693 2764 846 2836 quaestum
868 2764 905 2817 ut
930 2753 1018 2835 prius
1038 2751 1124 2817 lace·

98 2862 186 2926 rent,
207 2848 375 2932 probatum
392 2855 410 2915 a
430 2851 561 2915 medicis
584 2853 758 2930 remedium
781 2853 1005 2932 divetrdentes,
1024 2864 1058 2917 et
1079 2851 1122 2917 de

96 2950 160 3013 suis
183 2946 306 3012 interim
325 2950 486 3033 stipendiis
504 2952 580 3023 nihil
599 2953 769 3015 ‹lecederet
788 2953 935 3029 medicis,
962 2953 1066 3016 ascitis
1085 2952 1121 3017 in

95 3050 291 3115 curationem
312 3052 392 3114 lianc
416 3061 448 3113 et
475 3051 562 3133 ipsis.
599 3053 644 3115 At
668 3053 823 3136 quosdam
851 3052 929 3115 novi
953 3052 1121 3135 probiores

94 3152 250 3227 medicos,
271 3150 328 3233 qui
347 3148 476 3215 nomine
496 3151 647 3229 Caesaris,
676 3164 709 3225 et
727 3149 891 3233 cujusdam
910 3152 960 3216 liic
978 3150 1122 3235 episcopi
1143 3233 1148 3241 Ι

95 3252 302 3334 percontandi
316 3271 411 3314 causa
426 3252 592 3333 Hispanias
606 3254 768 3330 adierunt,
786 3254 883 3338 hique
895 3274 966 3315 cum
978 3253 1019 3315 ab
1031 3247 1119 3335 ipsis,

96 3354 150 3435 qui
168 3353 201 3415 in
227 3344 387 3435 Spagnola
405 3372 473 3419 rom
497 3355 743 3436 cognovissent,
769 3354 876 3417 edocti
896 3360 1017 3430 essent,
1043 3352 1120 3417 nihil

95 3454 165 3516 lere
190 3472 302 3527 secus,
331 3472 427 3535 qnam
451 3462 560 3517 nostra
579 3464 664 3516 tenet
686 3454 901 3535 experientia,
931 3457 1116 3530 retulerunt,

96 3551 156 3617 nisi
176 3552 264 3632 qraod
282 3552 472 3616 addiderunt
489 3552 530 3615 de
546 3574 625 3629 sno,
646 3574 716 3637 qnae
734 3554 976 3630 medicamenta,
998 3553 1115 3636 quibus

96 3652 228 3728 diebus,
251 3665 318 3737 nus
342 3672 416 3715 cum
443 3652 667 3716 observatione
699 3655 879 3736 accipienda
905 3654 987 3729 sint,
1015 3666 1047 3717 et
1074 3672 1115 3717 ex

97 3752 298 3833 ephemeride
319 3752 532 3817 mathematica
551 3754 715 3836 quomodo
735 3753 923 3831 vivendum,
948 3772 1016 3817 non
1036 3756 1118 3819 tnala

95 3853 194 3916 credo
225 3852 402 3929 voluntate,
431 3853 489 3916 sed
513 3873 572 3915 sno
600 3854 739 3935 quodam
763 3872 872 3930 more,
904 3868 937 3918 et
965 3864 1118 3917 consueta

93 3952 190 4021 bonis
211 3952 304 4017 etism
323 3953 513 4039 quibusdam
531 3951 662 4015 medicis
683 3950 928 4039 superstitione,
955 3954 1011 4037 qni
1034 3966 1118 4017 tanta

92 4052 225 4137 jurandi
240 4054 411 4137 cupiditate
424 4054 585 4128 teruntur,
605 4064 641 4115 nt
658 4054 729 4134 plns
748 4053 841 4117 etiarn
858 4073 951 4136 quam
969 4064 1119 4135 oporteat

91 4174 322 4241 nonnunquam
343 4153 501 4236 ingerant.
539 4156 685 4234 Quorum
702 4155 895 4217 voluntatem
921 4153 1042 4236 probo,
1060 4176 1118 4241 pe·

50 4285 57 4292 ·
93 4254 265 4319 riculosum
289 4267 394 4318 tamen
421 4265 516 4335 puto,
549 4248 583 4315 in
615 4251 720 4315 omnia
750 4252 898 4317 omnibus
924 4254 1117 4322 comentire·

95 4354 158 4419 Sed
181 4354 223 4418 sd
247 4354 317 4419 illos
340 4355 456 4418 iternnt
479 4353 663 4419 malevolos.
699 4350 899 4419 conuenisse
920 4356 997 4437 ipsis
1023 4368 1118 4438 puto,

126 4490 199 4546 uuit.
222 4497 270 4556 op.
287 4496 315 4543 r.
333 4495 374 4544 nt.
782 4466 826 4534 18
