2632 5086
387 740 435 813 ad
461 739 652 813 ailbertum
674 738 834 840 Princip.
857 738 919 817 lib.
1088 748 1159 826 est

138 932 249 995 etillas
263 931 413 995 abolebit.
444 931 1161 1014 Idem,sumoperacaroisdamnasset,inter
1212 924 1217 935 ’

139 1058 209 1119 que
230 1035 414 1096 ebrietatem
432 1050 465 1096 et
485 1033 745 1098 comessationem
765 1047 931 1117 posuerat,
950 1037 1080 1101 sulitlit:
1111 1036 1162 1099 De

139 1135 258 1218 quibus
282 1134 420 1215 predico
442 1134 535 1199 vobis
561 1136 827 1218 quemadmodum
848 1154 881 1200 et
899 1136 1046 1220 praedixi,
1073 1136 1163 1221 quod

141 1236 197 1318 qni
208 1236 279 1297 talia
293 1253 409 1317 agunt,
427 1236 520 1316 regni
532 1235 594 1298 Dei
608 1234 747 1298 haeredes
762 1248 946 1301 nonerunt.
978 1239 1021 1301 At
1039 1236 1081 1299 illi
1098 1239 1164 1300 baec

141 1354 240 1418 agunt
257 1356 359 1411 nutis,
381 1335 437 1419 qui
452 1337 486 1399 in
501 1355 637 1418 regnum
651 1334 713 1399 Dei
729 1337 825 1398 duces
839 1338 933 1401 nobis
950 1358 1019 1401 esse
1035 1337 1163 1410 debent,

141 1437 342 1512 sacerdotes,
370 1435 532 1509 canonici,
561 1435 704 1516 episcopi
726 1452 758 1498 et
776 1437 959 1516 pontifices,
980 1438 1013 1499 in
1032 1454 1164 1511 tautum,

143 1554 178 1599 ut
190 1558 248 1618 per
261 1536 460 1601 Germaniam
469 1535 633 1615 proverbii
646 1534 718 1596 vioe
730 1536 783 1611 sir,
802 1537 898 1600 sacris
913 1537 1030 1600 initiari
1044 1538 1163 1601 debere

141 1660 215 1700 euni
226 1684 235 1713 ,
256 1637 313 1719 qui
333 1636 411 1699 velit
431 1635 571 1699 suaviter
591 1636 719 1709 vivere,
738 1636 829 1719 quasi
845 1636 992 1701 bacillos
1013 1638 1164 1720 imprimis

142 1739 206 1800 vita
235 1739 356 1800 deccat.
405 1736 468 1799 Avi
494 1735 558 1799 mei
580 1735 746 1799 Laurentii
768 1737 901 1800 liutteni
927 1736 959 1799 in
986 1738 1090 1802 literas
1112 1759 1165 1800 rc·

141 1840 276 1902 serenda
291 1837 470 1919 frugalitas,
491 1856 607 1918 magno
624 1836 717 1899 nobis
732 1837 772 1899 ad
791 1837 899 1920 gloriae
918 1838 1069 1901 ambitum
1086 1835 1165 1900 inci-

143 1954 281 2001 tamento
305 1959 375 2002 esse
398 1938 504 2001 debet.
544 1940 576 1999 ls
599 1958 670 1999 cum
693 1940 851 2019 locuplete
874 1956 958 2001 esset
981 1958 1098 2012 censu,
1128 1957 1166 1999 ac

144 2039 178 2103 in
202 2041 320 2121 magnis
348 2038 441 2101 etiam
470 2038 647 2119 principum
674 2055 857 2101 nostrorum
889 2037 1048 2122 negotiis,
1078 2037 1165 2104 tlomi

143 2139 262 2221 pariter
287 2160 321 2203 ac
349 2139 464 2202 militiae
489 2155 686 2214 versaretur,
716 2138 750 2201 in
776 2160 863 2203 suam
889 2142 1034 2216 domum,
1061 2141 1164 2222 piper,

143 2262 293 2316 crocum,
335 2240 477 2302 zinziber
505 2259 539 2300 et
566 2239 600 2300 id
631 2259 732 2321 genus
760 2242 929 2322 peregrina
954 2239 1164 2315 condimenta,-

142 2363 303 2425 nunquam
321 2341 463 2416 admisit,
497 2360 558 2401 nec
579 2339 640 2402 alio
664 2339 750 2418 ipsc,
786 2362 880 2421 quam
900 2363 942 2403 ex
966 2360 1073 2403 nostra
1097 2343 1165 2403 lant

142 2444 334 2506 vestimento
356 2443 403 2505 uti
427 2442 537 2504 solitus
566 2460 631 2515 est,
671 2461 744 2503 curn
768 2442 812 2504 ob
834 2443 916 2505 bene
945 2458 1064 2525 gestam
1085 2460 1164 2516 rem,

141 2545 289 2626 pretiosae
315 2542 358 2604 illi
384 2543 578 2624 quandoque
597 2557 702 2605 vestes
728 2543 932 2605 donarentur.
972 2543 1075 2626 ldque
1099 2560 1166 2605 non

144 2662 264 2708 tantum
280 2641 412 2704 faciebat
424 2645 507 2723 ipse,
525 2644 581 2704 sed
596 2661 710 2724 magno
725 2644 814 2705 etiam
830 2645 915 2726 apud
928 2645 1061 2727 aequales
1077 2662 1165 2719 suos,

145 2745 292 2806 convicio
314 2761 419 2803 mores
440 2742 600 2805 bominum
622 2743 838 2807 insectabatur.
878 2749 974 2825 Quasi
997 2765 1064 2806 non
1083 2745 1167 2825 apud

147 2864 224 2917 nos,
248 2843 408 2923 inquiens,
427 2860 584 2918 nascatur,
611 2864 676 2926 quo
693 2846 717 2904 si
737 2847 817 2927 gulae
833 2845 1065 2909 oblectamentis
1085 2864 1167 2927 opus

147 2946 205 3019 sit,
239 2942 358 3003 condiri
377 2958 481 3005 nostra
506 2945 643 3025 possint,
670 2960 722 3006 aut
743 2946 1002 3007 vestimentorum
1023 2948 1167 3026 corporis

144 3045 298 3127 prmimn,
329 3044 419 3105 animi
443 3046 617 3126 qualitatem
638 3059 757 3126 arguat.
798 3045 860 3106 Sed
882 3044 923 3105 de
942 3047 1003 3106 ltoc
1018 3046 1106 3119 viro,
1126 3062 1167 3104 ne

143 3167 245 3208 meam
263 3143 308 3206 ibi
324 3142 456 3226 gloriam
481 3156 607 3224 captare
626 3144 753 3220 videar,
773 3144 864 3228 loqui
882 3144 1040 3220 desinam,
1061 3145 1089 3207 si
1106 3146 1168 3207 hoe

143 3246 232 3330 prius
251 3244 383 3318 dixero,
403 3245 446 3307 ita
464 3248 582 3308 sentire
597 3266 665 3321 me,
686 3266 753 3307 non
768 3244 900 3327 perinde
916 3244 1082 3326 pulchrum
1097 3262 1168 3308 esse

145 3369 186 3407 ex
209 3350 266 3409 liae
288 3345 424 3420 familia,
459 3345 515 3407 ubi
535 3348 678 3429 qtradam
704 3346 824 3430 alioqui
844 3344 1021 3428 jactationis
1039 3345 1169 3411 materia

146 3447 320 3522 invenitur,
348 3467 442 3530 quiam
466 3446 549 3510 illius
574 3458 724 3527 nepotem
750 3446 806 3531 qui
833 3446 879 3510 sic
904 3444 1040 3521 vixerit,
1070 3445 1168 3509 nasci.

146 3549 189 3607 Et
211 3545 347 3623 majores
368 3547 498 3630 quidem
515 3546 633 3623 nostri,
670 3568 707 3609 ae
730 3547 773 3611 illi
799 3566 882 3630 quos
908 3547 1010 3609 adime
1031 3545 1168 3609 vidimus

146 3646 255 3729 puori,
282 3668 393 3725 senes,
423 3668 494 3711 cum
513 3649 559 3713 sic
578 3660 756 3724 coenarent,
783 3648 829 3712 sic
847 3646 1056 3721 vestirentur,
1084 3646 1169 3709 bene

147 3748 325 3815 constitutit
339 3751 530 3832 corporibus
548 3751 697 3822 luserunt,
717 3758 749 3811 et
765 3758 876 3811 cotnra
888 3746 1002 3810 famem
1020 3768 1056 3808 ac
1075 3746 1168 3822 sitim,

145 3848 250 3930 frigtn
269 3860 301 3912 et
317 3862 443 3925 estum,
473 3870 532 3930 per
551 3848 667 3914 laboris
686 3848 867 3931 patientiam
892 3844 1066 3922 induratis,
1096 3866 1169 3909 cnm

145 3969 208 4011 nos
228 3948 268 4013 ad
285 3950 400 4033 primas
421 3950 523 4012 statim
549 3950 693 4031 pruinas,
722 3970 832 4013 manus
859 3969 895 4012 ao
920 3949 1019 4031 pedes
1043 3957 1169 4010 eontra·

136 4048 271 4126 bamus,
291 4070 328 4119 ac
345 4050 516 4132 incipiente
532 4051 634 4113 statim
649 4053 777 4130 hyeme,
796 4048 971 4131 triplicibus
989 4046 1169 4112 muniamur

142 4149 296 4230 pellibus,
325 4163 381 4214 aut
399 4152 481 4214 intra
499 4152 549 4214 illa
567 4173 627 4213 nos
646 4150 857 4214 recondamus
882 4146 1053 4230 tepidario,
1081 4148 1169 4212 unde

142 4270 209 4313 non
240 4252 365 4315 eximus
395 4253 456 4315 nisi
485 4254 525 4315 ad
552 4253 685 4315 mediam
711 4248 775 4333 jam
801 4262 936 4315 estatem
963 4260 1106 4312 torrente
1136 4259 1171 4317 et

143 4352 302 4421 odardus
315 4352 422 4415 omnia
437 4354 677 4417 adurentesolc.
697 4349 792 4429 Cum,
806 4351 946 4436 inquam,
956 4350 1012 4411 vix
1025 4349 1169 4412 (lecimus
