2632 5086
197 752 271 828 tto
460 742 565 818 Trias
589 742 759 829 Romana
781 740 969 840 Dialogus.

200 960 293 1003 causa
321 957 393 1000 enm
419 944 587 1009 accusant,
620 933 705 1001 atiud
731 933 782 1001 stit
808 934 887 997 vitio
917 932 1045 1009 dantes,
1078 933 1229 998 omnibus

200 1050 358 1103 terrorem
382 1036 584 1103 obverterttes
595 1079 605 1110 ,
633 1033 675 1096 ita
692 1046 728 1096 ut
751 1034 790 1097 ab
809 1033 966 1120 aliquibus
988 1033 1120 1118 periculi
1140 1044 1229 1098 metu

199 1141 366 1224 pecuniam
379 1146 608 1218 extorqueant,
628 1135 797 1200 nonnullos
811 1155 869 1216 per
884 1135 1095 1198 adflictionem
1110 1151 1232 1213 cogant

197 1239 293 1309 mori,
340 1241 419 1318 Quae
448 1256 561 1317 magna
591 1245 637 1296 est
668 1233 815 1312 miseria,
849 1234 974 1318 quoties
1004 1235 1229 1299 innocentibus

201 1336 304 1422 (quod
323 1337 363 1401 ab
382 1337 428 1411 eis
450 1337 586 1409 maximo
605 1335 653 1409 fit)
677 1334 895 1417 sycophantias
915 1337 969 1400 has
997 1347 1141 1410 struunt,
1170 1336 1230 1398 im·

201 1449 310 1520 putata
329 1435 499 1503 simoniana
524 1435 682 1500 interdum
706 1435 875 1517 pravitate,
902 1447 991 1499 certo
1018 1435 1229 1499 damnationis

199 1537 352 1612 erimine,
381 1537 437 1599 sed
463 1535 551 1618 quod
577 1546 697 1597 tantum
720 1535 829 1599 Rome
855 1537 1059 1600 committitur
1084 1536 1229 1618 impune>

199 1658 307 1720 neque
322 1636 406 1705 enim
422 1636 479 1723 qui
491 1635 554 1698 utic
568 1635 600 1701 in
614 1635 709 1701 sacris
723 1646 959 1716 oauponantnr,
981 1636 1022 1705 de
1041 1635 1227 1699 simonismo

200 1736 369 1811 recurrendi
400 1734 544 1805 ueniunt,
594 1735 683 1816 Saepe
712 1744 744 1797 et
774 1737 1064 1798 excommunicatus
1096 1735 1229 1817 fingitur

199 1836 297 1922 quis,
332 1857 459 1918 cunque
487 1835 574 1899 modi
600 1834 662 1900 sint
691 1845 761 1909 tot,
795 1832 910 1918 quibus
942 1836 982 1898 de
1010 1834 1094 1899 iacto
1123 1837 1228 1918 (quod

199 1935 323 2019 dieunt)
343 1934 655 2004 excommunicantur
680 1931 844 2010 homines,
869 1936 1054 2018 plerumque
1074 1935 1228 2018 ignorans

201 2035 289 2122 quis,
310 2046 342 2098 et
360 2033 475 2098 nullius
493 2033 552 2098 sibi
573 2034 711 2101 criminis
732 2035 877 2098 conscius
899 2036 1057 2101 anathema
1076 2038 1121 2100 fit.
1158 2037 1229 2101 Nos

199 2155 336 2221 ,qunque
356 2135 431 2196 dum
451 2133 581 2196 Vadisoi
607 2154 693 2197 nuno
718 2150 895 2198 sermonem
919 2135 1109 2208 reteximus,
1136 2134 1228 2218 juxta

202 2234 378 2311 Romanam
397 2233 636 2322 peruersitatem
663 2235 823 2302 anathema
849 2237 960 2315 firmis,
990 2234 1111 2300 etiamsi
1129 2256 1227 2301 nemo
1306 2286 1312 2299 ,

91 2378 95 2391 ·
202 2343 340 2405 accusate

617 2435 818 2500 Ernholtl.

201 2491 470 2707 ιιλωὲᾗΰΙιι-ἰιιοὲ
511 2520 685 2604 inauditum
719 2553 931 2623 quemquam,
971 2547 1003 2601 et
1027 2537 1231 2605 indefensum

293 2655 352 2707 un-

619 2733 797 2800 Hutten·

200 2882 215 2891 ..
274 2832 338 2917 Καὶ,
357 2835 412 2915 opo*
432 2860 478 2905 snt
497 2833 658 2913 dusmiso
673 2836 721 2906 ztir
739 2841 837 2914 ψῆφοι
855 2842 961 2922 Φὲςιιν.

611 2937 811 3001 Ernhoid.
960 2998 975 3035 ι

190 3086 193 3091 ,
276 3034 399 3109 Verum
419 3037 481 3105 hoe
507 3035 568 3107 sibi
588 3037 772 3117 persuaderi
797 3036 918 3115 sinant,
944 3036 1000 3121 qui
1020 3037 1156 3102 cerebro
1176 3058 1230 3106 ct·

197 3145 287 3213 tent,
311 3135 347 3200 in
365 3157 424 3205 nos
445 3138 584 3207 malefica
602 3138 666 3201 haee
686 3137 867 3219 superstitio
886 3159 953 3203 non
972 3138 1068 3205 cudit.

629 3238 794 3306 Hutten.

273 3334 318 3410 At
336 3333 380 3399 int
399 3335 565 3419 magnifiee
584 3337 770 3420 religionem
790 3337 835 3401 ibi
852 3341 1072 3403 commendant
1092 3341 1228 3419 populo,

196 3454 238 3508 ex
256 3432 434 3505 Christiana
453 3437 692 3503 mansnetudine
706 3459 824 3502 meram
841 3438 990 3502 iacientes
1002 3439 1228 3514 carnificinam,

196 3553 333 3619 eumque
353 3536 460 3603 vivant
480 3537 540 3618 ipsi
559 3537 715 3619 pessime,
735 3538 852 3607 nemini
872 3551 974 3606 tamen
995 3538 1227 3604 beatitudinem

196 3635 397 3712 concedunt,
424 3637 478 3723 qui
503 3658 567 3699 non
587 3658 647 3701 suo
668 3657 740 3705 eum
766 3640 857 3707 luoro
887 3639 1025 3720 adspiret
1050 3661 1102 3703 eo.
1139 3639 1230 3707 Hine

195 3746 268 3799 sunt
295 3755 385 3811 casus
416 3737 560 3817 papales,
591 3737 761 3818 impudens
784 3753 817 3802 et
843 3739 964 3820 ipsum,
995 3751 1031 3803 ut
1056 3740 1227 3807 arbitratur

91 3837 94 3846 '
195 3836 374 3911 Vadiseus,
394 3849 628 3917 nugamentnm.
669 3839 767 3905 certe
787 3861 805 3901 a
823 3841 941 3905 Christi
961 3851 1066 3903 mente
1087 3840 1225 3906 aliernuu

194 3937 257 4007 boo
276 3955 345 4007 esse
372 3935 516 4012 uidetur,
544 3938 765 4024 qttafecunqne
782 3942 842 4018 sit,
872 3943 923 4006 itte
951 3942 1033 4009 enim
1062 3941 1225 4025 equaliter

193 4033 301 4109 omnia
317 4035 406 4099 dedit
424 4039 591 4118 apostolis,
612 4041 687 4104 nudi
708 4040 825 4118 majus,
857 4063 952 4124 qnam
971 4041 1058 4108 atteri
1077 4040 1129 4121 jus
1146 4061 1224 4104 con-

193 4132 319 4207 cedens.
360 4137 539 4219 Quinetiam
559 4162 634 4205 sana
648 4142 750 4212 adhuc
769 4141 901 4216 ecclesia
920 4144 1088 4226 pontiticos
1105 4143 1225 4207 Roma·

191 4255 252 4305 nm
278 4236 374 4309 tudio
391 4237 476 4314 obtat
500 4262 531 4304 m
550 4241 609 4307 sibi
637 4242 774 4327 quodam
794 4240 827 4309 in
848 4244 983 4307 concilio
999 4243 1225 4324 episcoporum

191 4332 402 4418 principatum
429 4340 573 4430 occipere
601 4340 762 4419 noluisse,
795 4343 881 4406 unde
909 4344 974 4408 haec
1000 4353 1103 4406 autem
1135 4345 1222 4408 servi
