2632 5086
390 702 650 783 adalbertum
682 705 841 806 Princip.
866 706 927 781 lib.
1099 711 1172 793 snt
1276 732 1279 737 ·

143 901 260 965 sertim·
289 896 455 972 altissime,
496 908 533 960 ut
548 900 765 988 plerumque,
802 900 925 963 radices
957 899 1014 961 nbi
1043 898 1169 976 fixerit,

143 1000 262 1082 repelli
276 998 399 1080 possit,
418 1009 484 1061 tum
503 1020 604 1076 vero,
631 999 705 1083 quia
725 1002 752 1062 si
771 1002 815 1063 har
835 1022 914 1083 qtras
934 1000 1001 1062 dixi
1020 999 1170 1077 arbores,
1223 1004 1226 1009 '

144 1105 204 1163 tale
224 1099 304 1182 quid
325 1099 398 1176 ipsae
417 1088 564 1177 possent,
586 1109 646 1161 tam
665 1100 720 1161 diu
739 1099 932 1183 incognitam
951 1101 1032 1175 vim,
1058 1111 1170 1179 utpote

143 1203 385 1263 vernacularum
405 1199 515 1272 nobis,
545 1199 684 1262 futuram
704 1202 787 1263 lrarrd
807 1201 916 1263 fuisse.
955 1200 1172 1281 Experiamur

143 1303 185 1363 illi
214 1316 329 1362 tamen.
378 1299 474 1379 Quod
501 1311 549 1360 est
574 1301 659 1362 aliud
683 1300 768 1363 enim
794 1302 990 1364 medicorum
1017 1302 1171 1378 officinm,

144 1399 1170 1486 quoinquntidieindagarealiquid,etexperimentocognoscere,

145 1526 180 1565 aa
202 1502 372 1584 utrimnque
392 1501 505 1562 morbo
530 1502 608 1581 iprid
628 1503 792 1564 medeatur·
819 1502 1009 1587 inquirere?
1051 1504 1171 1565 lerunt

144 1626 206 1681 ego
234 1624 344 1665 otrrrres
369 1600 494 1663 interim
513 1603 689 1663 admonitos
716 1604 832 1678 velim,
874 1604 962 1686 quod
994 1602 1027 1663 in
1056 1622 1173 1683 praece·

145 1705 291 1767 dentibus
311 1701 397 1775 dixi,
430 1704 462 1763 id
489 1703 637 1777 credant,
667 1694 815 1784 magnum
841 1722 911 1765 esse
935 1703 1065 1784 quidem
1090 1692 1172 1765 sicut

145 1804 177 1867 in
198 1805 276 1865 aliis·
285 1802 421 1889 moritis,
454 1801 496 1863 ita
517 1804 565 1864 rel
586 1804 743 1882 precipue
767 1814 877 1864 eorrtra
900 1803 1070 1877 Gallicum,
1103 1803 1171 1864 sru-

146 1904 279 1987 galitatis
300 1904 497 1982 praesidium,
517 1925 629 1966 verum
650 1902 732 1967 haud
752 1906 829 1977 tale',
847 1915 882 1965 ut
901 1903 1000 1983 possit
1019 1903 1171 1989 iniectum

146 2004 209 2084 jam
226 2003 426 2083 sangninem,
447 2004 601 2073 etinorbi
621 2023 746 2065 veneno
764 2014 969 2085 corruptum,
990 2005 1170 2077 emendare,

147 2105 206 2166 nisi
228 2125 364 2187 quorum
382 2105 446 2166 haec
470 2111 609 2177 visset,
640 2103 867 2167 medicamenta
891 2104 1090 2167 accesserint.
1129 2102 1171 2167 Ut

145 2206 172 2270 si
203 2206 319 2267 bellum
351 2217 462 2287 gerant
490 2207 556 2267 duo
589 2203 705 2288 alitpai,
747 2213 780 2267 et
803 2204 865 2266 hoc
895 2204 982 2285 apud
1011 2225 1061 2265 me
1092 2205 1170 2266 alter

144 2307 307 2382 obtineat,
346 2305 507 2370 inimicum
541 2326 634 2368 suunt
654 2327 708 2367 .ne
743 2302 905 2385 adiutem,
944 2305 1098 2384 imputare
1126 2300 1171 2363 illi

146 2408 276 2490 quidem
304 2406 423 2486 possim
449 2405 539 2488 quod
565 2427 630 2467 non
657 2406 839 2479 nocuerim,
879 2404 967 2485 quod
994 2401 1171 2479 adjuverim

143 2509 238 2571 etiam
266 2505 352 2569 haud
377 2506 518 2568 debeam.
557 2505 604 2567 lta
631 2505 694 2567 eibi
719 2526 755 2567 ac
779 2516 874 2586 potus
896 2503 1082 2567 abstinentia
1103 2523 1170 2566 non

144 2612 224 2671 tollit
251 2607 320 2686 ipsa
347 2605 478 2688 quidem
503 2605 668 2679 morbum,
698 2607 839 2668 sednon
859 2607 921 2668 alit.
968 2603 1066 2686 Quasi
1087 2604 1170 2666 dieat

146 2708 218 2790 quis
238 2728 273 2768 se
290 2724 396 2787 neque
415 2704 534 2767 vincire
551 2716 675 2786 captum
689 2710 764 2769 ciani
777 2706 895 2788 possit,
918 2728 1024 2789 neque
1037 2704 1170 2768 ‘solvere

146 2816 218 2868 cnm
234 2826 301 2867 nan
322 2803 430 2888 possit.
461 2805 536 2868 Dixi
550 2808 590 2868 de
603 2808 762 2888 podagra,
784 2818 815 2868 et
830 2808 871 2868 de
883 2806 1041 2869 articulari
1055 2804 1169 2867 morbo

145 2907 227 2977 dixi,
247 2909 408 2970 restitutos
420 2904 496 2982 sibi,
517 2909 572 2988 crui
588 2909 627 2969 ad
640 2908 846 2991 frugaliorem
860 2929 896 2970 se
907 2908 1025 2970 victum
1035 2916 1172 2968 transtu·

143 3002 266 3084 iissent,
291 3019 345 3071 aut
368 3013 385 3068 a
406 3006 536 3069 vino-et
554 3008 682 3070 Venere
706 3008 760 3090 qui
782 3017 1024 3087 temperassent,
1051 3007 1091 3066 de
1114 3006 1171 3067 hac

142 3112 264 3187 scabie,
280 3123 314 3173 et
329 3133 398 3194 quar
416 3110 497 3171 illam
513 3119 753 3191 consequuntur
765 3109 865 3181 mala,
885 3106 919 3167 in
931 3117 1068 3167 mentem
1087 3105 1172 3167 idem

142 3232 302 3295 nunquam
322 3210 421 3272 venit.
459 3209 561 3271 Altius
578 3209 692 3270 insedit
707 3208 808 3283 enim,
828 3206 923 3291 diram
936 3222 969 3271 ut
982 3208 1045 3268 cito
1059 3209 1173 3267 arella·

141 3314 263 3386 rnr',-ac
280 3311 370 3373 latius
390 3308 473 3371 vires
489 3311 623 3392 spargit,
643 3328 735 3391 quam
751 3330 851 3391 parvo
866 3309 998 3393 negotio
1015 3321 1050 3371 ut
1066 3305 1173 3390 colligi

143 3411 265 3491 possit',·
273 3422 367 3493 atque
389 3409 431 3471 ita
446 3420 548 3473 totum
568 3424 717 3491 occupat,
738 3431 834 3494 quem
852 3412 985 3489 irrvasit,
1003 3423 1040 3474 ut
1057 3415 1171 3478 inulla

148 3531 293 3591 seorsum
317 3522 408 3592 parte
433 3511 575 3572 amoveri
596 3517 763 3585 sustineat,
794 3512 855 3576 nisi
878 3515 1083 3598 simulatque
1103 3535 1169 3577 uno

146 3612 238 3694 quasi
261 3611 378 3690 impetn
404 3617 421 3673 a
449 3620 519 3672 toto
539 3610 727 3690 expellatur.
767 3612 849 3676 illibi
869 3634 944 3676 sarae
962 3635 1169 3697 magno-meo

148 3711 351 3773 incommodo
369 3714 465 3775 multa
484 3723 620 3790 experto
641 3711 701 3788 ilii,
722 3714 801 3775 sides
819 3713 874 3787 sit,
896 3713 1004 3777 sobrie
1024 3728 1055 3777 et
1075 3735 1169 3796 parce

145 3812 306 3887 urendo,
335 3811 362 3874 si
387 3814 439 3874 cui
464 3812 599 3873 eiiadere
621 3833 733 3875 meum
753 3810 839 3875 istud
860 3813 983 3890 liceret,
1016 3814 1079 3896 jam
1098 3824 1170 3878 atate

143 3912 295 3995 effugisse
315 3933 383 3989 me,
411 3914 468 3995 qni
488 3922 572 3972 totos
591 3923 654 3973 tres
674 3934 791 3988 anites,
811 3914 851 3977 ad
871 3934 1021 3977 snrnmam
1039 3915 1170 3977 maciem

141 4012 317 4079 extenuari
342 4035 482 4095 corpus,
520 4032 593 4073 cum
621 4014 745 4077 interim
774 4034 840 4076 non
869 4024 1011 4077 tenerent
1041 4016 1170 4097 quidem

140 4115 306 4192 morbum,
326 4115 385 4178 sed
399 4136 466 4175 nen
480 4114 574 4176 etiam
590 4111 749 4193 ejicerem.
781 4114 878 4197 Agite
895 4124 998 4176 tamen
1013 4119 1034 4176 ὸ
1049 4115 1171 4200 magni·

140 4218 196 4281 fici
219 4218 448 4298 promissores,
472 4214 602 4298 'coquite
621 4213 795 4291 fraxinum,
819 4224 966 4296 apparate
988 4213 1172 4297 juniperum

142 4329 179 4381 et
195 4321 305 4399 pinum
319 4316 431 4396 nobis,
451 4336 488 4378 ae
505 4318 533 4379 si
552 4316 677 4380 videtur
694 4317 816 4379 buxum
826 4316 981 4381 adhibete
1000 4317 1110 4391 etiam,
1138 4324 1171 4377 et

178 4444 248 4490 ttan.
269 4446 313 4501 Op.
333 4445 360 4488 T.
378 4445 421 4501 iii.
835 4430 881 4493 20
