2632 5086
73 888 77 895 Ι
145 789 189 858 72
419 774 475 853 ad
498 773 600 849 sub.
624 770 871 851 rectaene
952 804 972 821 ι-

143 972 254 1045 literis,
282 973 588 1054 qtrantulumcunquc
607 970 639 1031 id
659 982 729 1045 est„
750 967 990 1042 commendem,
1020 965 1063 1027 ita
1080 966 1153 1028 nui·

144 1075 203 1134 iam
221 1074 313 1133 etiam
332 1074 364 1133 in
383 1073 501 1154 magnis
521 1073 615 1133 rebus
635 1070 765 1151 gloriam
785 1070 935 1148 despero,
963 1088 997 1127 ac
1016 1067 1152 1127 libenter

144 1172 296 1233 obeundis
318 1173 451 1253 negotiis
470 1173 619 1233 utendum
638 1190 687 1231 me
706 1169 850 1248 prebeo:
876 1187 1054 1250 quanquam
1074 1164 1152 1226 nihii

142 1272 243 1334 minus
285 1292 475 1351 proponam,
524 1292 616 1353 qnam
653 1268 834 1331 dulcissimis
879 1268 1000 1330 interce
1037 1266 1150 1328 studiis

143 1375 235 1452 μακροὶ
256 1375 365 1458 χώραν
389 1373 509 1444 dicere,
542 1392 609 1452 que
635 1391 701 1443 me,
734 1370 836 1428 dome
858 1389 945 1430 mens
972 1387 1044 1426 sane
1071 1366 1149 1441 erit,

89 1508 94 1515 ,
143 1493 208 1534 uon
228 1474 265 1534 ad
285 1484 426 1551 tempus,
454 1472 509 1530 sed
527 1480 698 1548 perpetuo,
728 1490 763 1530 ac
783 1466 899 1548 jugiter
919 1470 968 1527 vel
987 1466 1019 1527 in
1037 1466 1149 1527 mediis

142 1571 208 1635 istis
232 1572 412 1632 tumultibus
433 1570 635 1631 exercebunt.
681 1571 751 1647 Qua
770 1569 802 1628 in
822 1591 856 1630 re
876 1567 1150 1646 muitum-decepti

143 1683 215 1735 sunt
235 1672 278 1732 itti
298 1673 358 1732 mei
378 1693 435 1749 per
455 1669 650 1731 Germaniam
667 1667 773 1740 amici,
794 1668 849 1750 qui
869 1678 1034 1748 postquam
1052 1667 1149 1728 semei

45 1830 50 1839 ,
142 1770 175 1833 is
196 1771 323 1831 anticam
345 1771 526 1832 servitutem
545 1769 708 1842 consensi,
737 1767 865 1828 desiisse
885 1766 1059 1831 studiosum
1078 1786 1149 1828 esse

141 1881 347 1949 putaverunt3
377 1890 441 1950 quo
461 1871 512 1941 tit,
540 1880 574 1929 ut
594 1867 648 1948 qui
668 1868 699 1928 in
720 1867 805 1928 ltalia
824 1865 1024 1945 jampridem
1043 1865 1148 1947 agenti

139 1968 230 2041 mihi,
271 1969 427 2028 literarum
454 1969 533 2028 adeo
559 1967 657 2029 fasces
686 1967 806 2028 mittere
830 1967 986 2040 solebant,
1020 1987 1056 2027 ac
1084 1965 1149 2027 ire·

141 2066 343 2148 quentissime
368 2066 524 2136 sotebant,
554 2068 586 2127 hi
612 2066 643 2127 in
671 2078 787 2129 tantum
814 2088 898 2128 nunc
922 2065 1148 2139 conticuerint,
1173 2052 1176 2057 ⁹

141 2176 176 2229 ut
195 2187 286 2227 nemo
317 2165 483 2248 atiquando
510 2166 567 2226 tria
592 2167 688 2227 verba
706 2167 820 2228 scribat
839 2169 998 2239 Hutteno‚
1027 2163 1148 2227 homini

139 2265 230 2345 (puto
250 2263 355 2324 dicere
375 2268 443 2338 cos)
462 2288 526 2324 non
546 2289 607 2325 snm
623 2267 750 2344 amplius
768 2266 883 2327 farine.
921 2264 1024 2345 Cujus
1044 2276 1148 2326 tamen

139 2359 165 2423 si
185 2374 247 2425 tam
264 2363 324 2442 ipsi
342 2384 495 2425 memores
514 2364 682 2445 aliquando
701 2377 822 2440 essent,
844 2385 937 2447 quam
956 2384 1018 2445 ego
1038 2363 1148 2426 utrius-

139 2459 295 2544 cujusque
316 2463 421 2524 talium
445 2483 604 2543 nunquam
624 2464 807 2538 obliviscor,
839 2464 899 2543 jam
927 2464 1002 2524 iilud
1022 2463 1147 2525 fervide

138 2560 229 2624 nobis
249 2562 455 2624 intercederet
473 2562 627 2623 scribendi
642 2567 723 2626 uitro
743 2566 886 2647 citroque
906 2564 1058 2635 studinm;
1079 2583 1146 2644 quo

136 2660 211 2720 nihil
230 2661 347 2734 habco,
381 2661 469 2740 quod
488 2661 644 2743 antiquins
668 2666 793 2735 ducam,
821 2672 873 2722 aut
893 2682 958 2743 quo
977 2662 1074 2738 magis
1094 2683 1146 2723 me

137 2757 300 2820 oblectem.
346 2759 408 2820 Ubi
426 2761 566 2821 nondum
586 2760 711 2822 defuisti
732 2772 764 2820 tu
784 2759 877 2834 mihi,
912 2781 1005 2841 quem
1024 2760 1146 2821 idcirco

136 2857 225 2917 valde
245 2858 365 2934 probo,
386 2869 416 2919 et
435 2858 553 2920 valdius
574 2861 675 2920 adhuc
693 2881 763 2921 meo
784 2858 853 2938 jure
873 2880 959 2933 amo,
980 2879 1016 2918 ac
1036 2860 1147 2923 HER-

134 2954 301 3019 MANUM
322 2957 680 3037 NOVAQUILAREM
701 2959 914 3021 COMITEM
934 2960 1049 3032 adoro,
1070 2959 1146 3040 quie

133 3054 207 3116 mihi
237 3076 398 3138 nunquam
435 3078 501 3117 non
538 3057 750 3136 copiosissime
782 3059 914 3138 scripsit.
971 3058 1034 3119 Illis
1064 3079 1144 3120 vero

133 3153 313 3233 suspiciosis
335 3154 489 3230 amiculis,
518 3157 773 3238 qtrandoquidem
797 3161 880 3218 hunc
904 3157 936 3218 in
961 3180 1011 3219 me
1028 3158 1145 3219 fastum

132 3253 243 3315 cadere
274 3254 412 3315 arbitrati
440 3266 529 3329 suut,
560 3255 694 3330 irascor,
733 3269 767 3317 ut
797 3258 958 3337 superbis,
996 3268 1031 3319 ut
1059 3257 1144 3320 fastu

131 3350 206 3432 ipsis
241 3353 437 3434 turgentibus
465 3365 496 3416 et
527 3374 593 3414 rem
621 3355 734 3417 nostris
760 3356 1003 3435 indignissimam
1030 3356 1141 3418 studiis

131 3450 371 3515 admittentibus.
418 3456 468 3518 Ac
487 3457 513 3517 si
538 3477 640 3518 amare
659 3456 777 3530 studio,
805 3457 838 3516 id
857 3477 935 3517 vero
955 3466 1002 3516 est
1020 3455 1143 3517 studio·

130 3572 198 3614 sum
226 3573 311 3628 esse,
343 3555 459 3616 nemini
487 3558 547 3616 hoc
573 3577 630 3634 per
660 3555 856 3618 Germaniam
885 3554 1011 3616 nomine
1036 3555 1140 3615 cedet

130 3652 385 3734 quandoquidem
402 3654 435 3714 in
451 3654 568 3732 magnis
584 3657 645 3715 hoo
660 3653 885 3716 difficultatibus
906 3653 999 3716 racio.
1037 3652 1140 3732 Cujus

127 3755 178 3814 ret
199 3755 259 3815 hoc
277 3754 373 3817 suerit
393 3765 626 3835 argumentum,
648 3756 735 3834 quod
755 3755 835 3815 iliam
847 3755 947 3816 adhuc
966 3752 1140 3832 Capnionis

126 3853 344 3916 defensionem
361 3853 391 3926 ᾖ)
421 3853 577 3915 mordicus
604 3866 714 3913 teneo:
748 3875 810 3935 qua
836 3854 877 3916 do
902 3853 935 3914 in
958 3852 1056 3914 literis
1076 3853 1139 3915 tuis

125 3951 313 4013 mentionem
347 3951 440 4025 facis,
475 3952 691 4033 Theologistas
721 3954 863 4027 auxisse,
903 3953 1011 4015 nescio
1041 3973 1138 4033 quas,

122 4070 192 4113 suas
212 4052 378 4111 adversum
403 4071 462 4111 nos
481 4051 750 4125 Lamentationes,
780 4053 931 4115 scribens.
971 4053 1049 4130 Quae
1068 4051 1139 4112 itto-

84 4186 88 4193 ·
121 4171 190 4212 rum
209 4149 444 4227 importunitas,
476 4152 559 4213 haud
586 4153 660 4217 dum
686 4152 769 4228 scio,
801 4171 911 4218 secure
939 4150 1036 4237 magis
1055 4170 1137 4213 con·

126 4267 290 4285 m·-

151 4347 180 4411 ’)
197 4361 383 4410 mentonem:
401 4373 500 4410 uatem.
