2632 5086
397 722 455 803 Ad
479 722 651 799 Cerolum
673 725 767 824 Reg.
787 692 897 824 e'piat
1090 736 1160 805 tte

143 919 181 981 ab
207 919 254 982 his
283 915 405 998 deleri,
436 916 540 983 omnia
565 917 710 980 omnibus
738 916 830 998 eripi.
866 916 969 1000 Cujus
990 918 1038 982 rei
1050 920 1068 994 ,'
1092 941 1163 1004 qm·

143 1039 211 1080 mea
231 1032 279 1081 est
298 1012 441 1094 fortuna,
467 1017 500 1079 in
521 1037 594 1093 me,
622 1016 648 1079 si
662 1016 801 1100 ‘usquam
819 1018 910 1094 aiibi,
939 1019 1165 1091 ‹toerimentnnt

143 1122 310 1182 dederunt.
349 1122 421 1182 Non
453 1129 499 1180 ert
532 1119 597 1180 haee
626 1139 739 1199 magna
761 1117 907 1185 atrocitas
937 1122 1037 1195 enim,
1077 1121 1164 1183 inan·

143 1221 242 1282 ditum
274 1221 487 1293 indeiensnm,
516 1219 629 1280 indicta
658 1238 767 1294 eausa,
798 1222 879 1281 uelle
904 1220 1043 1295 vincire,
1082 1224 1163 1284 velie

144 1333 315 1402 torquere,
365 1321 445 1381 veile
498 1319 665 1394 occidere,
710 1321 880 1397 presertim
918 1323 1071 1403 judicium
1108 1344 1165 1384 ex·

143 1433 350 1499 spectantem,
379 1435 412 1480 et
439 1420 655 1501 cognitionem
681 1421 904 1503 appetentem?
942 1423 1075 1497 Fateor,
1102 1425 1165 1484 hoe

142 1543 191 1583 me
211 1522 334 1600 seriptis
354 1530 502 1581 conatum
526 1521 671 1594 edicere,
699 1534 735 1582 ut
754 1520 803 1583 hie
823 1533 964 1583 vertatur
984 1544 1089 1584 rerum
1112 1544 1164 1584 or·

141 1622 210 1697 bis,
241 1622 290 1683 hie
319 1620 505 1682 emendetur
537 1629 645 1681 status.
682 1622 800 1683 Debuit
830 1642 868 1683 ea
891 1643 942 1684 res
969 1621 1074 1699 magni
1093 1642 1164 1683 esse

142 1720 302 1800 perieuli‘?
335 1719 430 1780 immo
451 1718 543 1780 ullius
561 1740 632 1781 esse
651 1714 784 1782 debunt
823 1723 938 1803 Neque
958 1742 1021 1803 ego
1036 1742 1165 1800 promp-

142 1835 191 1880 tns
210 1820 275 1892 sui,
296 1820 353 1880 sed
376 1829 572 1901 opportune:
593 1821 713 1893 audax,
734 1822 790 1883 sed
809 1824 998 1884 necessario.
1037 1825 1096 1895 Et,
1117 1834 1162 1897 ut,

142 1942 211 2001 quee
228 1906 343 1980 fiducie
360 1919 418 1994 sit,
437 1918 557 1992 uideas,
573 1940 614 1981 ne
628 1922 728 1981 adhue
746 1920 875 2002 quidem
889 1924 1021 1983 clamare
1040 1922 1165 1997 desino,

143 2030 253 2079 eontra
272 2020 378 2079 hostes
403 2012 558 2092 veritatis,
585 2032 694 2082 contra
714 2015 845 2101 publicae
865 2021 1013 2083 libertatis
1032 2042 1166 2102 oppres·

142 2138 252 2193 sores,
284 2129 394 2179 contra
417 2127 477 2179 tnae
503 2118 662 2198 dignitatis
689 2131 934 2201 contemptores.
971 2122 1086 2204 Neque
1105 2143 1165 2183 un·

142 2238 236 2300 quam
261 2217 420 2293 desinam,
448 2217 509 2278 nisi
534 2226 568 2279 tu
594 2222 755 2293 nolueris,
784 2226 960 2284 consultum
988 2222 1062 2298 tibi,
1090 2245 1165 2303 pro·

140 2329 284 2397 spectum
302 2318 418 2398 patriae.
456 2318 520 2379 Sed
539 2320 645 2393 voles,
667 2340 698 2381 et
712 2322 750 2382 ab
765 2342 805 2383 eo
821 2323 1004 2384 abhorrebis
1023 2324 1163 2398 muttum,

141 2417 230 2499 quod
250 2428 282 2477 te
301 2418 352 2480 isti
371 2417 477 2479 faeere
503 2418 642 2491 nollent,
673 2418 699 2480 si
719 2420 822 2481 bones
850 2420 937 2482 ferre
955 2421 1006 2482 hie
1032 2422 1165 2500 impera·
1230 2428 1238 2437 “

141 2527 228 2577 tores
248 2527 388 2596 possent.
428 2518 482 2578 ‘l'n
500 2515 543 2577 sis
562 2528 682 2591 tamen,
708 2520 832 2599 qualem
851 2530 883 2582 te
904 2533 974 2582 esse
994 2522 1102 2583 decet:
1121 2540 1166 2583 ne

141 2615 208 2678 istie
229 2618 336 2695 qttates
355 2614 485 2694 cupiunt
506 2633 575 2675 esee
594 2615 693 2677 heeat.
741 2619 838 2698 Quod
855 2619 911 2682 tibi
930 2623 1084 2695 consulo,
1115 2620 1166 2682 os-

145 2714 250 2780 ticium
270 2726 339 2790 est,
371 2715 459 2797 quod
481 2734 550 2775 amo
570 2716 718 2792 patriam,
746 2717 853 2797 pietas.
893 2720 969 2781 Mea
988 2722 1072 2782 nuile
1099 2706 1164 2802 pii-

147 2825 217 2875 vata
258 2834 309 2875 res
347 2825 412 2890 est,
445 2816 527 2875 nulia
554 2816 682 2897 propria
708 2837 820 2892 causa,
857 2822 977 2881 nultum
1006 2822 1165 2900 peculiare

150 2915 322 2997 negotium.
368 2917 446 2981 Nem
482 2919 559 2999 quid
587 2917 729 2980 fat-erent
763 2916 838 2992 isti,
870 2940 964 3001 quam
994 2920 1165 2983 insolenter·

145 3016 387 3095 triumpharent,
407 3019 432 3078 si
457 3018 535 3100 quid
557 3039 669 3092 eorum
688 3012 847 3092 ominum,
868 3040 938 3100 quae
960 3018 1105 3090 tractavi,
1126 3021 1166 3080 ad

141 3135 192 3178 me
205 3116 350 3196 privatim
362 3118 558 3199 pertineret?
570 3119 811 3199 Persequuntur
822 3138 873 3179 me
885 3134 1003 3191 tameat,
1016 3129 1048 3180 et
1060 3120 1165 3198 perdi-

142 3227 209 3280 tum
222 3220 345 3292 volunt,
359 3237 466 3299 eoque
475 3217 535 3279 eibi
551 3218 769 3286 auctoritatem
780 3217 874 3279 etiam
883 3218 1060 3298 depereunt
1069 3229 1164 3281 tuam.

142 3314 216 3398 Ego
233 3328 353 3393 eontra,
379 3317 514 3399 primum
530 3318 723 3380 conscientia
738 3340 789 3381 me
806 3329 916 3380 tueor:
935 3317 1050 3379 deinde
1069 3318 1164 3380 intua

142 3420 285 3497 equitate
295 3418 441 3481 fiduciam
454 3438 552 3498 peno.
573 3417 692 3481 Libere
703 3418 826 3498 scriptio
835 3416 936 3492 libris,
947 3417 1069 3479 veritati
1077 3419 1165 3481 testi-

142 3516 283 3579 monium
293 3518 436 3597 perhibui
444 3540 451 3580 :
459 3540 499 3581 ex
512 3518 615 3581 offieio
626 3517 695 3595 tibi,
707 3539 749 3581 ex
757 3520 871 3598 pietate
879 3520 1163 3581 eoneuttnmvolui.

143 3614 345 3681 Firmissimis
371 3618 522 3681 adversus
547 3604 725 3698 pontificias
752 3636 853 3699 nugor
874 3619 1065 3698 argumentis
1084 3639 1162 3681 eon·

143 3714 244 3789 tendi,
282 3714 436 3779 institutas
467 3720 619 3790 ariversus
646 3734 733 3780 tunm
765 3717 931 3799 imperium
962 3738 1161 3783 communem

111 3840 114 3846 ·
142 3813 317 3877 libertatem
336 3817 500 3894 machinas,
520 3820 795 3882 ttonuellererum
820 3830 960 3881 conatus.
998 3819 1060 3883 Ubi
1089 3832 1162 3881 runt

143 3915 268 3999 praemia
286 3917 369 3982 brute
388 3918 524 3995 meritis,
553 3940 594 3981 ne
614 3918 684 4003 quis
705 3939 755 3981 me
772 3939 896 4000 paenam
916 3918 1031 3985 detieto
1052 3921 1162 3983 timere

105 4070 110 4074 .
143 4018 255 4101 putet?
284 4018 348 4081 Sed
367 4017 446 4099 quid
464 4019 594 4095 mirum,
625 4020 713 4101 quod
733 4019 766 4081 in
785 4019 914 4101 gratiam
933 4040 984 4083 me
1003 4020 1163 4082 bonorum

143 4137 265 4198 ponere
282 4120 409 4194 debuit,
434 4121 497 4182 hoe
514 4121 548 4182 in
566 4120 721 4183 malornm
739 4119 947 4181 offensionem
966 4117 1163 4199 conjecisse?

146 4217 199 4279 Tu
224 4240 302 4281 vero
330 4240 422 4281 auree
442 4219 571 4303 quidem
591 4219 648 4283 iltis
671 4220 747 4283 dare
767 4230 876 4300 potes,
906 4220 1063 4283 adsentire
1082 4238 1161 4287 vero

145 4337 211 4389 uon
229 4319 342 4383 debes:
372 4318 433 4383 niri
452 4321 593 4397 dubites,
620 4319 648 4387 ii
673 4321 737 4383 hoe
762 4321 994 4397 adsemiantur,
1019 4319 1161 4385 foeturae
