2632 5086
393 683 441 756 ad
465 681 657 757 Albertum
685 682 843 803 Brincip.
869 682 929 757 lib.
1104 688 1173 771 stt

148 877 203 963 qui
223 895 286 954 ope
299 875 453 954 Guajaci‚
473 896 564 958 quam
581 875 639 959 qui
657 884 819 961 ntorrnque
840 875 984 959 quolibet
1000 896 1042 939 err
1059 870 1174 939 morbo

147 979 397 1051 convaluerunt,
430 988 483 1039 ant
515 976 631 1060 quibus
660 964 781 1061 alioqui
811 976 961 1039 intentior
988 973 1175 1038 valetudinis

148 1097 225 1138 cura
249 1089 317 1152 est,
345 1078 508 1160 sequenda
535 1076 679 1138 veniunt.
698 1082 703 1091 ’
719 1079 794 1159 Quo
821 1079 893 1139 loco
913 1077 996 1139 inter
1018 1074 1176 1156 praecipua

146 1178 461 1240 animadvertendum
476 1188 540 1253 est,
560 1198 740 1260 quanquam
760 1178 822 1239 hoc
840 1198 950 1253 omncs
964 1175 1027 1257 jam
1044 1184 1174 1255 norunt,

146 1279 197 1339 rel
218 1267 319 1339 unum⁸
335 1279 396 1338 boc
421 1297 511 1353 csse,
539 1279 685 1339 morbum
711 1280 795 1339 hunc
815 1276 1065 1341 molestissimum
1086 1268 1175 1359 quod

146 1378 257 1453 faciat,
281 1379 372 1460 qufrd
388 1399 508 1440 summa
528 1390 574 1441 est
592 1379 622 1439 in
636 1377 725 1439 diaeta
741 1377 919 1455 difficultas,
941 1399 1012 1440 cum
1028 1387 1100 1458 post
1119 1377 1175 1436 de·

146 1480 294 1540 bellatum
322 1498 414 1551 cum,
456 1499 523 1539 non
543 1499 606 1540 una
626 1477 730 1561 aliqua
752 1490 785 1540 et
805 1478 937 1559 simplex
956 1479 1039 1540 circa
1058 1477 1175 1539 victum

146 1579 347 1641 observanda
361 1579 441 1639 ratio
454 1578 509 1655 sit,
526 1580 583 1640 sed
596 1578 759 1658 multiplex
773 1590 803 1640 et
819 1578 1015 1639 omnifariam
1027 1578 1174 1640 inomula.

147 1681 193 1741 lta
212 1693 248 1741 ut
268 1702 338 1761 quae
360 1678 506 1743 omnibus
526 1679 571 1740 his
598 1679 733 1753 morbis,
763 1699 844 1761 qnos
863 1678 1018 1760 consequi
1037 1698 1109 1739 eum
1128 1676 1175 1741 di-

147 1781 250 1843 xirnns
270 1781 425 1854 secunda,
446 1791 499 1839 aut
513 1780 645 1840 adversa
657 1790 744 1853 sunt,
767 1779 942 1859 appetenda
957 1789 1010 1838 aut
1022 1777 1176 1855 fugienda

146 1904 214 1945 uno
231 1882 264 1942 iu
283 1891 383 1942 toturn
403 1880 508 1942 studio
530 1879 589 1943 silri
610 1897 793 1958 proponere
812 1877 943 1952 debeat,
972 1877 999 1940 ia
1023 1879 1079 1960 qni
1098 1898 1176 1938 con-

146 1982 256 2043 valuit.
294 1978 400 2063 Quare
428 1980 556 2045 curioso
584 2000 642 2059 per
667 1977 772 2041 omnia
798 1978 884 2039 victu
903 1997 1016 2039 cavere
1037 1989 1175 2056 oportet,

147 2093 183 2143 ut
203 2079 344 2144 ordinato
371 2081 477 2143 omnia
490 2090 648 2160 'aguntum
676 2080 875 2160 ,Quanquam
891 2078 918 2141 si
940 2099 1022 2161 quos
1036 2079 1176 2141 servarit

147 2183 212 2244 haec
224 2181 395 2256 medicina,
422 2180 469 2242 hia
492 2199 640 2261 magnum
658 2179 819 2259 quoddam
838 2188 884 2239 est
904 2177 1066 2255 solatium,
1086 2176 1176 2261 quod

145 2294 258 2363 putant
275 2283 345 2363 rjus
362 2280 472 2363 periti,
492 2291 564 2362 post
582 2289 739 2358 receptam
758 2279 802 2339 sic
820 2278 1050 2351 valetudinem,
1070 2290 1102 2339 et
1118 2299 1175 2339 ex·

146 2395 249 2445 actum
262 2381 492 2445 observationis
506 2402 576 2464 quas
591 2400 658 2440 cam
670 2379 876 2462 consequitur
890 2390 1030 2459 tempus,
1044 2378 1077 2439 in
1087 2380 1174 2453 nnllo

147 2504 341 2566 quemquam
365 2481 633 2562 periclitaturum,
668 2480 757 2562 quod
782 2500 848 2541 non
874 2491 982 2541 contra
1012 2478 1176 2559 pristinam

145 2584 280 2646 vivendi
295 2583 558 2649 consuetudinem
577 2580 735 2664 siqnidem
761 2600 828 2641 non
848 2579 978 2643 omnino
997 2579 1176 2644 inordinata

146 2704 185 2745 ea
211 2682 308 2744 suerit
330 2681 479 2743 admittat.
531 2682 670 2745 Perinde
696 2680 780 2741 enim
800 2681 1028 2745 consulendum
1053 2680 1176 2746 essaei

148 2782 205 2863 qui
220 2782 266 2845 sic
282 2780 444 2844 restitutus
462 2793 527 2858 ert,
547 2794 643 2866 atque
657 2780 704 2842 his
722 2779 777 2863 qui
793 2779 905 2843 morbo
922 2803 1082 2866 nunquam
1097 2782 1176 2847 tenti

148 2886 308 2945 suerunt..
343 2884 443 2961 Onam
469 2883 603 2946 obrem
632 2903 697 2944 non
725 2883 767 2944 ita
794 2883 968 2945 curandum
994 2903 1062 2948 csse
1093 2885 1176 2949 arbi·

147 2995 269 3045 trantur
289 2978 368 3066 qnid
386 2984 457 3045 edat
468 2982 595 3067 aliquis,
618 3003 714 3066 quam
733 2981 807 3044 illud
827 2995 979 3065 quantum
998 2986 1085 3061 edat,
1105 2989 1176 3049 nul-

142 3087 273 3166 lumque
293 3078 356 3145 cibi
379 3070 481 3165 gentis
504 3085 720 3169 fugiendum,-
740 3085 859 3145 nullum
887 3084 1065 3148 habendum
1091 3086 1176 3151 circa

143 3184 245 3246 victus
267 3184 447 3268 qualitatem
474 3185 631 3248 delectum
651 3185 727 3247 nihil
745 3185 972 3262 securandum,
999 3190 1089 3269 quod
1108 3206 1174 3251 non

143 3285 184 3363 acl
206 3282 407 3348 communem
426 3286 616 3349 valetudinis
637 3287 926 3364 conservationem,
955 3308 991 3350 ac
1010 3289 1173 3355 universa·

144 3386 205 3445 lem
234 3385 419 3448 morborum
451 3386 592 3448 omnium
624 3387 827 3453 evitationem
857 3389 1019 3470 pertinere
1045 3391 1174 3455 sciatur.

144 3483 208 3545 Ubi
236 3485 428 3567 praecipuum
452 3485 588 3550 fortasse
611 3486 728 3566 luerit,
756 3493 845 3575 quod
864 3490 977 3553 Celsus
995 3494 1106 3579 (locet,
1138 3506 1173 3559 ut

145 3594 254 3644 caveat
282 3584 438 3667 quisque,
464 3590 508 3677 nq
524 3586 558 3648 in
578 3590 717 3651 secunda
735 3588 917 3654 valetudine
938 3592 1077 3655 adverae
1094 3617 1173 3675 prm.

145 3683 223 3749 sidia
257 3698 491 3747 consumantur.
538 3687 692 3765 ,Servatur
720 3703 825 3755 autem
852 3692 1000 3761 valetrulo
1029 3705 1064 3755 ut
1088 3695 1172 3757 idem

143 3782 248 3865 inquit
262 3782 366 3862 dieta,
386 3788 571 3866 pharmacoj,
591 3784 758 3866 unction'e',
776 3788 944 3877 frictione,
962 3792 1098 3875 balnqis,
1115 3816 1172 3857 ex·

142 3884 345 3961 ercitatione,
365 3887 562 3961 vectatione,
584 3897 614 3949 et
633 3892 715 3952 clara
733 3890 881 3955 lectione.
920 3894 998 3973 Quae
1017 3904 1052 3955 ut
1067 3895 1172 3959 consi·

140 3986 279 4047 deranda
297 3997 351 4047 aut
372 3985 566 4065 plenissime,
588 3998 642 4050 aut
661 3992 766 4079 omrria
781 3991 856 4067 sint,
877 3993 918 4054 ab
932 3994 984 4056 illo
999 3996 1172 4075 petendum

139 4085 299 4168 relinquo.
340 4086 404 4148 Hic
429 4086 570 4151 breviter
593 4110 693 4169 pauca
720 4092 879 4175 attingam.
918 4095 960 4155 Et
982 4094 1023 4157 ad
1049 4094 1172 4160 diaetam

140 4186 228 4267 quod
254 4186 392 4267 pertinet
416 4199 504 4270 grate
529 4188 665 4252 arbitror
684 4203 716 4253 et
735 4194 860 4256 modice
880 4196 1084 4259 vescerulnm.
1122 4202 1171 4267 Ae

139 4282 229 4347 eibos
244 4285 367 4347 adsumi
385 4288 558 4352 convenire
573 4299 605 4351 et
623 4290 787 4371 potiones,
806 4314 878 4377 quae
891 4292 1038 4358 facillime
1051 4316 1171 4358 conco·
