<?xml version="1.0" encoding="UTF-8"?>
<!DOCTYPE html PUBLIC "-//W3C//DTD XHTML 1.0 Transitional//EN"
    "http://www.w3.org/TR/xhtml1/DTD/xhtml1-transitional.dtd">
<html xmlns="http://www.w3.org/1999/xhtml" xml:lang="en" lang="en">
 <head>
  <title>
</title>
<meta http-equiv="Content-Type" content="text/html;charset=utf-8" />
  <meta name='ocr-system' content='tesseract 3.04.00' />
  <meta name='ocr-capabilities' content='ocr_page ocr_carea ocr_par ocr_line ocrx_word'/>
</head>
<body>
  <div class='ocr_page' id='page_1' title='image "./ulrichiabhutten02mngoog_0542.png"; bbox 0 0 2618 5094; ppageno 0'>
   <div class='ocr_carea' id='block_1_1' title="bbox 209 807 945 908">
    <p class='ocr_par' dir='ltr' id='par_1_1' title="bbox 209 807 945 908">
     <span class='ocr_line' id='line_1_1' title="bbox 209 807 945 908; baseline 0.001 -28"><span class='ocrx_word' id='word_1_1' title='bbox 209 811 278 881; x_wconf 76' lang='lat'><strong>632</strong></span> <span class='ocrx_word' id='word_1_2' title='bbox 495 807 737 905; x_wconf 83' lang='lat' dir='ltr'><strong>Inspieientes</strong></span> <span class='ocrx_word' id='word_1_3' title='bbox 759 808 945 908; x_wconf 85' lang='lat' dir='ltr'><strong>Dialogus.</strong></span> 
     </span>
    </p>
   </div>
   <div class='ocr_carea' id='block_1_2' title="bbox 667 999 749 1061">
    <p class='ocr_par' dir='ltr' id='par_1_2' title="bbox 667 999 749 1061">
     <span class='ocr_line' id='line_1_2' title="bbox 667 999 749 1061; baseline 0.012 -1"><span class='ocrx_word' id='word_1_4' title='bbox 667 999 749 1061; x_wconf 89' lang='lat' dir='ltr'><strong>Sol.</strong></span> 
     </span>
    </p>
   </div>
   <div class='ocr_carea' id='block_1_3' title="bbox 112 1098 1243 4490">
    <p class='ocr_par' dir='ltr' id='par_1_3' title="bbox 112 1098 1243 3274">
     <span class='ocr_line' id='line_1_3' title="bbox 280 1098 1243 1186; baseline 0.002 -23"><span class='ocrx_word' id='word_1_5' title='bbox 280 1101 324 1163; x_wconf 80' lang='lat' dir='ltr'><strong>At</strong></span> <span class='ocrx_word' id='word_1_6' title='bbox 349 1099 528 1161; x_wconf 77' lang='lat' dir='ltr'>sacerdotes</span> <span class='ocrx_word' id='word_1_7' title='bbox 554 1098 628 1161; x_wconf 83' lang='lat' dir='ltr'><strong>ride</strong></span> <span class='ocrx_word' id='word_1_8' title='bbox 657 1111 775 1182; x_wconf 80' lang='lat' dir='ltr'><strong>qundo</strong></span> <span class='ocrx_word' id='word_1_9' title='bbox 795 1111 868 1162; x_wconf 90' lang='lat' dir='ltr'><strong>snnt</strong></span> <span class='ocrx_word' id='word_1_10' title='bbox 894 1101 939 1162; x_wconf 90' lang='lat' dir='ltr'><strong>his</strong></span> <span class='ocrx_word' id='word_1_11' title='bbox 965 1100 1067 1162; x_wconf 87' lang='lat' dir='ltr'><strong>adlurc</strong></span> <span class='ocrx_word' id='word_1_12' title='bbox 1094 1103 1243 1186; x_wconf 80' lang='lat' dir='ltr'><strong>nequie-</strong></span> 
     </span>
     <span class='ocr_line' id='line_1_4' title="bbox 206 1199 1240 1278; baseline 0.007 -19"><span class='ocrx_word' id='word_1_13' title='bbox 206 1219 275 1272; x_wconf 87' lang='lat' dir='ltr'><strong>res,</strong></span> <span class='ocrx_word' id='word_1_14' title='bbox 308 1200 433 1278; x_wconf 91' lang='lat' dir='ltr'><strong>penitus</strong></span> <span class='ocrx_word' id='word_1_15' title='bbox 466 1199 540 1259; x_wconf 83' lang='lat' dir='ltr'>nihil</span> <span class='ocrx_word' id='word_1_16' title='bbox 571 1199 699 1277; x_wconf 89' lang='lat' dir='ltr'><strong>publico</strong></span> <span class='ocrx_word' id='word_1_17' title='bbox 721 1201 891 1263; x_wconf 91' lang='lat' dir='ltr'><strong>eonfernut</strong></span> <span class='ocrx_word' id='word_1_18' title='bbox 917 1201 964 1275; x_wconf 86' lang='lat' dir='ltr'><strong>hi,</strong></span> <span class='ocrx_word' id='word_1_19' title='bbox 998 1200 1108 1263; x_wconf 86' lang='lat' dir='ltr'><strong>sedin</strong></span> <span class='ocrx_word' id='word_1_20' title='bbox 1132 1214 1240 1265; x_wconf 88' lang='lat' dir='ltr'><strong>totum</strong></span> 
     </span>
     <span class='ocr_line' id='line_1_5' title="bbox 207 1300 1238 1385; baseline 0.004 -26"><span class='ocrx_word' id='word_1_21' title='bbox 207 1310 341 1371; x_wconf 87' lang='lat' dir='ltr'><strong>cessant,</strong></span> <span class='ocrx_word' id='word_1_22' title='bbox 372 1301 521 1377; x_wconf 86' lang='lat' dir='ltr'><strong>crapulae,</strong></span> <span class='ocrx_word' id='word_1_23' title='bbox 548 1320 659 1361; x_wconf 88' lang='lat' dir='ltr'><strong>somne</strong></span> <span class='ocrx_word' id='word_1_24' title='bbox 687 1312 718 1360; x_wconf 89' lang='lat' dir='ltr'><strong>et</strong></span> <span class='ocrx_word' id='word_1_25' title='bbox 737 1300 826 1362; x_wconf 82' lang='lat' dir='ltr'><strong>luxui</strong></span> <span class='ocrx_word' id='word_1_26' title='bbox 846 1301 1037 1373; x_wconf 70' lang='lat' dir='ltr'><strong>servientes,</strong></span> <span class='ocrx_word' id='word_1_27' title='bbox 1064 1322 1238 1385; x_wconf 75' lang='lat' dir='ltr'><strong>aguntque</strong></span> 
     </span>
     <span class='ocr_line' id='line_1_6' title="bbox 206 1399 1236 1483; baseline 0.003 -23"><span class='ocrx_word' id='word_1_28' title='bbox 206 1399 370 1471; x_wconf 70' lang='lat' dir='ltr'><strong>convivia,</strong></span> <span class='ocrx_word' id='word_1_29' title='bbox 407 1409 437 1457; x_wconf 89' lang='lat' dir='ltr'><strong>et</strong></span> <span class='ocrx_word' id='word_1_30' title='bbox 471 1411 721 1479; x_wconf 68' lang='lat' dir='ltr'><strong>pergraecantur,</strong></span> <span class='ocrx_word' id='word_1_31' title='bbox 767 1401 878 1462; x_wconf 88' lang='lat' dir='ltr'><strong>amicas</strong></span> <span class='ocrx_word' id='word_1_32' title='bbox 911 1401 1037 1475; x_wconf 78' lang='lat' dir='ltr'><strong>forent,</strong></span> <span class='ocrx_word' id='word_1_33' title='bbox 1073 1405 1236 1483; x_wconf 83' lang='lat' dir='ltr'><strong>parasitos</strong></span> 
     </span>
     <span class='ocr_line' id='line_1_7' title="bbox 204 1497 1235 1581; baseline 0.002 -19"><span class='ocrx_word' id='word_1_34' title='bbox 204 1502 304 1570; x_wconf 87' lang='lat' dir='ltr'><strong>alunt,</strong></span> <span class='ocrx_word' id='word_1_35' title='bbox 321 1519 354 1559; x_wconf 87' lang='lat' dir='ltr'><strong>se</strong></span> <span class='ocrx_word' id='word_1_36' title='bbox 364 1497 494 1577; x_wconf 87' lang='lat' dir='ltr'><strong>opipare</strong></span> <span class='ocrx_word' id='word_1_37' title='bbox 504 1510 650 1579; x_wconf 85' lang='lat' dir='ltr'><strong>pascunt,</strong></span> <span class='ocrx_word' id='word_1_38' title='bbox 671 1503 883 1581; x_wconf 83' lang='lat' dir='ltr'><strong>voluptatibus</strong></span> <span class='ocrx_word' id='word_1_39' title='bbox 895 1503 1023 1577; x_wconf 75' lang='lat' dir='ltr'>addicti,</span> <span class='ocrx_word' id='word_1_40' title='bbox 1046 1505 1235 1566; x_wconf 84' lang='lat' dir='ltr'><strong>effoeminati</strong></span> 
     </span>
     <span class='ocr_line' id='line_1_8' title="bbox 203 1598 1234 1687; baseline -0.002 -23"><span class='ocrx_word' id='word_1_41' title='bbox 203 1601 338 1687; x_wconf 70' lang='lat' dir='ltr'><strong>deliciis,</strong></span> <span class='ocrx_word' id='word_1_42' title='bbox 358 1616 390 1661; x_wconf 90' lang='lat' dir='ltr'><strong>et</strong></span> <span class='ocrx_word' id='word_1_43' title='bbox 410 1598 590 1660; x_wconf 90' lang='lat' dir='ltr'><strong>libidinibus</strong></span> <span class='ocrx_word' id='word_1_44' title='bbox 610 1600 740 1681; x_wconf 88' lang='lat' dir='ltr'><strong>perditi,</strong></span> <span class='ocrx_word' id='word_1_45' title='bbox 763 1602 904 1663; x_wconf 87' lang='lat' dir='ltr'><strong>lromines</strong></span> <span class='ocrx_word' id='word_1_46' title='bbox 924 1602 1020 1676; x_wconf 84' lang='lat' dir='ltr'><strong>bruti,</strong></span> <span class='ocrx_word' id='word_1_47' title='bbox 1040 1625 1075 1661; x_wconf 89' lang='lat' dir='ltr'><strong>ac</strong></span> <span class='ocrx_word' id='word_1_48' title='bbox 1090 1625 1178 1682; x_wconf 89' lang='lat' dir='ltr'><strong>pene</strong></span> <span class='ocrx_word' id='word_1_49' title='bbox 1195 1607 1234 1664; x_wconf 78' lang='lat' dir='ltr'><strong>alr</strong></span> 
     </span>
     <span class='ocr_line' id='line_1_9' title="bbox 203 1698 1232 1768; baseline 0 -3"><span class='ocrx_word' id='word_1_50' title='bbox 203 1701 342 1765; x_wconf 89' lang='lat' dir='ltr'><strong>humanis</strong></span> <span class='ocrx_word' id='word_1_51' title='bbox 364 1698 474 1760; x_wconf 86' lang='lat' dir='ltr'><strong>ritibus</strong></span> <span class='ocrx_word' id='word_1_52' title='bbox 495 1700 596 1763; x_wconf 86' lang='lat' dir='ltr'><strong>alieni.</strong></span> <span class='ocrx_word' id='word_1_53' title='bbox 644 1703 770 1763; x_wconf 86' lang='lat' dir='ltr'><strong>Horum</strong></span> <span class='ocrx_word' id='word_1_54' title='bbox 791 1713 838 1763; x_wconf 88' lang='lat' dir='ltr'><strong>est</strong></span> <span class='ocrx_word' id='word_1_55' title='bbox 860 1704 951 1762; x_wconf 87' lang='lat' dir='ltr'><strong>unice</strong></span> <span class='ocrx_word' id='word_1_56' title='bbox 970 1705 1081 1768; x_wconf 78' lang='lat' dir='ltr'><strong>luxus,</strong></span> <span class='ocrx_word' id='word_1_57' title='bbox 1104 1707 1232 1765; x_wconf 85' lang='lat' dir='ltr'><strong>molliti·</strong></span> 
     </span>
     <span class='ocr_line' id='line_1_10' title="bbox 201 1800 1230 1883; baseline -0.002 -17"><span class='ocrx_word' id='word_1_58' title='bbox 201 1825 234 1866; x_wconf 86' lang='lat' dir='ltr'><strong>es</strong></span> <span class='ocrx_word' id='word_1_59' title='bbox 257 1807 385 1875; x_wconf 91' lang='lat' dir='ltr'><strong>horum,</strong></span> <span class='ocrx_word' id='word_1_60' title='bbox 407 1811 438 1864; x_wconf 85' lang='lat' dir='ltr'><strong>et</strong></span> <span class='ocrx_word' id='word_1_61' title='bbox 457 1800 588 1863; x_wconf 86' lang='lat' dir='ltr'><strong>delicata</strong></span> <span class='ocrx_word' id='word_1_62' title='bbox 608 1800 715 1881; x_wconf 88' lang='lat' dir='ltr'><strong>quies,</strong></span> <span class='ocrx_word' id='word_1_63' title='bbox 750 1823 785 1861; x_wconf 87' lang='lat' dir='ltr'><strong>ae</strong></span> <span class='ocrx_word' id='word_1_64' title='bbox 807 1803 904 1863; x_wconf 90' lang='lat' dir='ltr'><strong>otiurn</strong></span> <span class='ocrx_word' id='word_1_65' title='bbox 924 1803 1077 1863; x_wconf 72' lang='lat' dir='ltr'><strong>suavitate</strong></span> <span class='ocrx_word' id='word_1_66' title='bbox 1100 1828 1230 1883; x_wconf 79' lang='lat' dir='ltr'><strong>corripu-</strong></span> 
     </span>
     <span class='ocr_line' id='line_1_11' title="bbox 202 1894 1228 1982; baseline -0.004 -15"><span class='ocrx_word' id='word_1_67' title='bbox 202 1917 319 1978; x_wconf 83' lang='lat' dir='ltr'><strong>ratum,</strong></span> <span class='ocrx_word' id='word_1_68' title='bbox 358 1907 406 1966; x_wconf 76' lang='grc' dir='ltr'><strong>καὶ</strong></span> <span class='ocrx_word' id='word_1_69' title='bbox 434 1902 652 1979; x_wconf 58' lang='lat' dir='ltr'><strong>uenata-pulver</strong></span> <span class='ocrx_word' id='word_1_70' title='bbox 678 1907 758 1976; x_wconf 72' lang='grc' dir='ltr'><strong><em>βίος,</em></strong></span> <span class='ocrx_word' id='word_1_71' title='bbox 775 1894 834 1965; x_wconf 82' lang='lat' dir='ltr'><strong>&#39;his</strong></span> <span class='ocrx_word' id='word_1_72' title='bbox 863 1906 967 1966; x_wconf 76' lang='lat' dir='ltr'><strong>trutina</strong></span> <span class='ocrx_word' id='word_1_73' title='bbox 995 1917 1127 1982; x_wconf 87' lang='lat' dir='ltr'><strong>oportet</strong></span> <span class='ocrx_word' id='word_1_74' title='bbox 1159 1928 1228 1965; x_wconf 75' lang='lat' dir='ltr'><strong>esse</strong></span> 
     </span>
     <span class='ocr_line' id='line_1_12' title="bbox 202 2002 1227 2086; baseline -0.002 -17"><span class='ocrx_word' id='word_1_75' title='bbox 202 2029 332 2079; x_wconf 91' lang='lat' dir='ltr'><strong>secura,</strong></span> <span class='ocrx_word' id='word_1_76' title='bbox 357 2018 463 2086; x_wconf 79' lang='lat' dir='ltr'><strong>grata,</strong></span> <span class='ocrx_word' id='word_1_77' title='bbox 492 2020 523 2066; x_wconf 89' lang='lat' dir='ltr'><strong>et</strong></span> <span class='ocrx_word' id='word_1_78' title='bbox 541 2002 681 2083; x_wconf 89' lang='lat' dir='ltr'><strong>jucunda</strong></span> <span class='ocrx_word' id='word_1_79' title='bbox 701 2006 818 2077; x_wconf 87' lang='lat' dir='ltr'><strong>omnia,</strong></span> <span class='ocrx_word' id='word_1_80' title='bbox 846 2003 990 2063; x_wconf 87' lang='lat' dir='ltr'><strong>duritiem</strong></span> <span class='ocrx_word' id='word_1_81' title='bbox 1011 2026 1078 2065; x_wconf 86' lang='lat' dir='ltr'><strong>non</strong></span> <span class='ocrx_word' id='word_1_82' title='bbox 1099 2008 1227 2067; x_wconf 78' lang='lat' dir='ltr'><strong>lerum.</strong></span> 
     </span>
     <span class='ocr_line' id='line_1_13' title="bbox 201 2102 1226 2187; baseline -0.002 -18"><span class='ocrx_word' id='word_1_83' title='bbox 201 2108 340 2169; x_wconf 87' lang='lat' dir='ltr'><strong>laborem</strong></span> <span class='ocrx_word' id='word_1_84' title='bbox 369 2106 515 2187; x_wconf 82' lang='lat' dir='ltr'><strong>fugiunt,</strong></span> <span class='ocrx_word' id='word_1_85' title='bbox 547 2115 578 2165; x_wconf 89' lang='lat' dir='ltr'><strong>et</strong></span> <span class='ocrx_word' id='word_1_86' title='bbox 604 2105 815 2165; x_wconf 81' lang='lat' dir='ltr'><strong>difficultatem</strong></span> <span class='ocrx_word' id='word_1_87' title='bbox 838 2102 1008 2178; x_wconf 81' lang='lat' dir='ltr'><strong>declinant,</strong></span> <span class='ocrx_word' id='word_1_88' title='bbox 1046 2106 1226 2184; x_wconf 73' lang='lat' dir='ltr'><strong>asperitatis</strong></span> 
     </span>
     <span class='ocr_line' id='line_1_14' title="bbox 200 2203 1226 2287; baseline -0.001 -20"><span class='ocrx_word' id='word_1_89' title='bbox 200 2206 394 2287; x_wconf 79' lang='lat' dir='ltr'><strong>impatientes</strong></span> <span class='ocrx_word' id='word_1_90' title='bbox 406 2220 498 2280; x_wconf 89' lang='lat' dir='ltr'><strong>suut,</strong></span> <span class='ocrx_word' id='word_1_91' title='bbox 518 2203 726 2285; x_wconf 71' lang='lat' dir='ltr'><strong>frugalitatem</strong></span> <span class='ocrx_word' id='word_1_92' title='bbox 739 2205 951 2277; x_wconf 88' lang='lat' dir='ltr'><strong>detestantur,</strong></span> <span class='ocrx_word' id='word_1_93' title='bbox 974 2204 1226 2285; x_wconf 81' lang='lat' dir='ltr'><strong>inquietudinem</strong></span> 
     </span>
     <span class='ocr_line' id='line_1_15' title="bbox 199 2302 1226 2388; baseline 0 -22"><span class='ocrx_word' id='word_1_94' title='bbox 199 2306 389 2377; x_wconf 85' lang='lat' dir='ltr'><strong>abhorrent,</strong></span> <span class='ocrx_word' id='word_1_95' title='bbox 430 2325 471 2365; x_wconf 88' lang='lat' dir='ltr'><strong>ue</strong></span> <span class='ocrx_word' id='word_1_96' title='bbox 503 2303 667 2382; x_wconf 83' lang='lat' dir='ltr'><strong>strepitum</strong></span> <span class='ocrx_word' id='word_1_97' title='bbox 695 2302 825 2383; x_wconf 86' lang='lat' dir='ltr'><strong>quidem</strong></span> <span class='ocrx_word' id='word_1_98' title='bbox 852 2303 960 2365; x_wconf 89' lang='lat' dir='ltr'><strong>ferunt</strong></span> <span class='ocrx_word' id='word_1_99' title='bbox 985 2305 1090 2363; x_wconf 89' lang='lat' dir='ltr'><strong>animo</strong></span> <span class='ocrx_word' id='word_1_100' title='bbox 1122 2327 1226 2388; x_wconf 79' lang='lat' dir='ltr'><strong>teque.</strong></span> 
     </span>
     <span class='ocr_line' id='line_1_16' title="bbox 200 2403 1227 2482; baseline 0 -14"><span class='ocrx_word' id='word_1_101' title='bbox 200 2404 385 2468; x_wconf 73' lang='lat' dir='ltr'><strong>Sollicitudo</strong></span> <span class='ocrx_word' id='word_1_102' title='bbox 405 2424 469 2465; x_wconf 83' lang='lat' dir='ltr'><strong>tina</strong></span> <span class='ocrx_word' id='word_1_103' title='bbox 489 2417 553 2477; x_wconf 85' lang='lat' dir='ltr'><strong>est,</strong></span> <span class='ocrx_word' id='word_1_104' title='bbox 583 2404 751 2465; x_wconf 91' lang='lat' dir='ltr'><strong>lautissime</strong></span> <span class='ocrx_word' id='word_1_105' title='bbox 772 2424 888 2482; x_wconf 90' lang='lat' dir='ltr'><strong>penum</strong></span> <span class='ocrx_word' id='word_1_106' title='bbox 909 2403 1080 2477; x_wconf 87' lang='lat' dir='ltr'><strong>instruere,</strong></span> <span class='ocrx_word' id='word_1_107' title='bbox 1112 2421 1148 2466; x_wconf 90' lang='lat' dir='ltr'><strong>ut</strong></span> <span class='ocrx_word' id='word_1_108' title='bbox 1168 2406 1227 2468; x_wconf 83' lang='lat' dir='ltr'><strong>sibi</strong></span> 
     </span>
     <span class='ocr_line' id='line_1_17' title="bbox 199 2502 1226 2587; baseline -0.003 -18"><span class='ocrx_word' id='word_1_109' title='bbox 199 2528 256 2587; x_wconf 91' lang='lat' dir='ltr'><strong>per</strong></span> <span class='ocrx_word' id='word_1_110' title='bbox 278 2506 383 2569; x_wconf 89' lang='lat' dir='ltr'><strong>omnia</strong></span> <span class='ocrx_word' id='word_1_111' title='bbox 401 2505 536 2567; x_wconf 89' lang='lat' dir='ltr'><strong>molliter</strong></span> <span class='ocrx_word' id='word_1_112' title='bbox 556 2504 604 2563; x_wconf 88' lang='lat' dir='ltr'><strong>sit.</strong></span> <span class='ocrx_word' id='word_1_113' title='bbox 645 2505 813 2583; x_wconf 81' lang='lat' dir='ltr'><strong>Indulgent</strong></span> <span class='ocrx_word' id='word_1_114' title='bbox 843 2502 951 2586; x_wconf 83' lang='lat' dir='ltr'><strong>itaque</strong></span> <span class='ocrx_word' id='word_1_115' title='bbox 970 2503 1084 2584; x_wconf 79' lang='lat' dir='ltr'><strong>genio,</strong></span> <span class='ocrx_word' id='word_1_116' title='bbox 1116 2525 1153 2565; x_wconf 86' lang='lat' dir='ltr'><strong>ae</strong></span> <span class='ocrx_word' id='word_1_117' title='bbox 1174 2509 1226 2566; x_wconf 87' lang='lat' dir='ltr'><strong>ab·</strong></span> 
     </span>
     <span class='ocr_line' id='line_1_18' title="bbox 199 2603 1225 2683; baseline -0.002 -15"><span class='ocrx_word' id='word_1_118' title='bbox 199 2607 319 2671; x_wconf 91' lang='lat' dir='ltr'><strong>domiui</strong></span> <span class='ocrx_word' id='word_1_119' title='bbox 337 2606 542 2679; x_wconf 77' lang='lat' dir='ltr'><strong>famulantur,</strong></span> <span class='ocrx_word' id='word_1_120' title='bbox 563 2616 594 2663; x_wconf 90' lang='lat' dir='ltr'><strong>et</strong></span> <span class='ocrx_word' id='word_1_121' title='bbox 609 2603 781 2683; x_wconf 70' lang='lat' dir='ltr'><strong>ingluviem</strong></span> <span class='ocrx_word' id='word_1_122' title='bbox 792 2603 946 2677; x_wconf 89' lang='lat' dir='ltr'><strong>farciunt,</strong></span> <span class='ocrx_word' id='word_1_123' title='bbox 967 2604 1068 2682; x_wconf 89' lang='lat' dir='ltr'><strong>epulis</strong></span> <span class='ocrx_word' id='word_1_124' title='bbox 1085 2607 1225 2680; x_wconf 74' lang='lat' dir='ltr'><strong>distenti,</strong></span> 
     </span>
     <span class='ocr_line' id='line_1_19' title="bbox 199 2703 1226 2785; baseline 0.003 -20"><span class='ocrx_word' id='word_1_125' title='bbox 199 2708 318 2771; x_wconf 77' lang='lat' dir='ltr'><strong>balneis</strong></span> <span class='ocrx_word' id='word_1_126' title='bbox 343 2706 455 2777; x_wconf 91' lang='lat' dir='ltr'><strong>soluti,</strong></span> <span class='ocrx_word' id='word_1_127' title='bbox 485 2721 517 2764; x_wconf 93' lang='lat' dir='ltr'><strong>et</strong></span> <span class='ocrx_word' id='word_1_128' title='bbox 548 2704 718 2779; x_wconf 77' lang='lat' dir='ltr'><strong>unguentis</strong></span> <span class='ocrx_word' id='word_1_129' title='bbox 746 2703 855 2777; x_wconf 87' lang='lat' dir='ltr'><strong>obliti,</strong></span> <span class='ocrx_word' id='word_1_130' title='bbox 889 2704 1068 2785; x_wconf 86' lang='lat' dir='ltr'><strong>enbantqne</strong></span> <span class='ocrx_word' id='word_1_131' title='bbox 1099 2707 1226 2785; x_wconf 85' lang='lat' dir='ltr'><strong>supine.</strong></span> 
     </span>
     <span class='ocr_line' id='line_1_20' title="bbox 199 2803 1223 2882; baseline 0 -16"><span class='ocrx_word' id='word_1_132' title='bbox 199 2806 258 2868; x_wconf 88' lang='lat' dir='ltr'><strong>llis</strong></span> <span class='ocrx_word' id='word_1_133' title='bbox 280 2804 381 2867; x_wconf 90' lang='lat' dir='ltr'><strong>onmis</strong></span> <span class='ocrx_word' id='word_1_134' title='bbox 401 2804 589 2864; x_wconf 85' lang='lat' dir='ltr'><strong>circumfluit</strong></span> <span class='ocrx_word' id='word_1_135' title='bbox 608 2804 718 2882; x_wconf 87' lang='lat' dir='ltr'><strong>copia,</strong></span> <span class='ocrx_word' id='word_1_136' title='bbox 753 2804 945 2864; x_wconf 74' lang='lat' dir='ltr'><strong>abundanter</strong></span> <span class='ocrx_word' id='word_1_137' title='bbox 964 2803 1070 2865; x_wconf 91' lang='lat' dir='ltr'><strong>onmia</strong></span> <span class='ocrx_word' id='word_1_138' title='bbox 1090 2807 1223 2875; x_wconf 82' lang='lat' dir='ltr'><strong>adsunt,</strong></span> 
     </span>
     <span class='ocr_line' id='line_1_21' title="bbox 196 2894 1224 2986; baseline -0.001 -19"><span class='ocrx_word' id='word_1_139' title='bbox 196 2906 242 2968; x_wconf 83' lang='lat' dir='ltr'><strong>hae</strong></span> <span class='ocrx_word' id='word_1_140' title='bbox 278 2901 420 2986; x_wconf 88' lang='lat' dir='ltr'><strong>inprimis</strong></span> <span class='ocrx_word' id='word_1_141' title='bbox 451 2903 564 2983; x_wconf 72' lang='lat' dir='ltr'><strong>adagio</strong></span> <span class='ocrx_word' id='word_1_142' title='bbox 594 2907 683 2965; x_wconf 90' lang='lat' dir='ltr'><strong>etiarn</strong></span> <span class='ocrx_word' id='word_1_143' title='bbox 719 2901 860 2981; x_wconf 79' lang='lat' dir='ltr'><strong>jactitatae</strong></span> <span class='ocrx_word' id='word_1_144' title='bbox 889 2894 1083 2982; x_wconf 71' lang='lat' dir='ltr'><strong>pontificales</strong></span> <span class='ocrx_word' id='word_1_145' title='bbox 1117 2925 1224 2966; x_wconf 55' lang='lat' dir='ltr'><strong>eun-te.</strong></span> 
     </span>
     <span class='ocr_line' id='line_1_22' title="bbox 197 3003 1223 3088; baseline -0.001 -20"><span class='ocrx_word' id='word_1_146' title='bbox 197 3007 283 3088; x_wconf 81' lang='lat' dir='ltr'><strong>Quid</strong></span> <span class='ocrx_word' id='word_1_147' title='bbox 312 3005 398 3066; x_wconf 89' lang='lat' dir='ltr'><strong>enirn</strong></span> <span class='ocrx_word' id='word_1_148' title='bbox 425 3004 541 3078; x_wconf 81' lang='lat' dir='ltr'><strong>refert,</strong></span> <span class='ocrx_word' id='word_1_149' title='bbox 573 3025 613 3064; x_wconf 91' lang='lat' dir='ltr'><strong>ex</strong></span> <span class='ocrx_word' id='word_1_150' title='bbox 641 3006 697 3064; x_wconf 84' lang='lat' dir='ltr'><strong>liae</strong></span> <span class='ocrx_word' id='word_1_151' title='bbox 724 3003 962 3081; x_wconf 83' lang='lat' dir='ltr'><strong>intemperantia</strong></span> <span class='ocrx_word' id='word_1_152' title='bbox 995 3004 1084 3084; x_wconf 82' lang='lat' dir='ltr'><strong>&lt;prod</strong></span> <span class='ocrx_word' id='word_1_153' title='bbox 1112 3006 1223 3067; x_wconf 86' lang='lat' dir='ltr'><strong>animis</strong></span> 
     </span>
     <span class='ocr_line' id='line_1_23' title="bbox 112 3102 1221 3185; baseline -0.003 -16"><span class='ocrx_word' id='word_1_154' title='bbox 112 3122 116 3129; x_wconf 89' lang='lat'>&#39;</span> <span class='ocrx_word' id='word_1_155' title='bbox 195 3120 268 3170; x_wconf 89' lang='lat' dir='ltr'><strong>sunt</strong></span> <span class='ocrx_word' id='word_1_156' title='bbox 294 3106 421 3170; x_wconf 83' lang='lat' dir='ltr'><strong>interim</strong></span> <span class='ocrx_word' id='word_1_157' title='bbox 443 3103 581 3185; x_wconf 89' lang='lat' dir='ltr'><strong>stupidi,</strong></span> <span class='ocrx_word' id='word_1_158' title='bbox 612 3102 745 3183; x_wconf 81' lang='lat' dir='ltr'><strong>ingeniis</strong></span> <span class='ocrx_word' id='word_1_159' title='bbox 773 3102 922 3178; x_wconf 87' lang='lat' dir='ltr'><strong>hebetes,</strong></span> <span class='ocrx_word' id='word_1_160' title='bbox 948 3115 979 3163; x_wconf 92' lang='lat' dir='ltr'><strong>et</strong></span> <span class='ocrx_word' id='word_1_161' title='bbox 998 3115 1104 3164; x_wconf 89' lang='lat' dir='ltr'><strong>mente</strong></span> <span class='ocrx_word' id='word_1_162' title='bbox 1131 3107 1221 3182; x_wconf 79' lang='lat' dir='ltr'><strong>tardi,</strong></span> 
     </span>
     <span class='ocr_line' id='line_1_24' title="bbox 195 3208 558 3274; baseline -0.014 -3"><span class='ocrx_word' id='word_1_163' title='bbox 195 3223 307 3274; x_wconf 85' lang='lat' dir='ltr'><strong>venter</strong></span> <span class='ocrx_word' id='word_1_164' title='bbox 325 3208 372 3271; x_wconf 79' lang='lat' dir='ltr'><strong>liis</strong></span> <span class='ocrx_word' id='word_1_165' title='bbox 392 3208 480 3269; x_wconf 80' lang='lat' dir='ltr'><strong>Deris</strong></span> <span class='ocrx_word' id='word_1_166' title='bbox 501 3221 558 3267; x_wconf 90' lang='lat' dir='ltr'><strong>est.</strong></span> 
     </span>
    </p>

    <p class='ocr_par' dir='ltr' id='par_1_4' title="bbox 579 3303 827 3365">
     <span class='ocr_line' id='line_1_25' title="bbox 579 3303 827 3365; baseline -0.004 0"><span class='ocrx_word' id='word_1_167' title='bbox 579 3303 827 3365; x_wconf 71' lang='lat' dir='ltr'><strong>Phaethon.</strong></span> 
     </span>
    </p>

    <p class='ocr_par' dir='ltr' id='par_1_5' title="bbox 193 3402 1223 4089">
     <span class='ocr_line' id='line_1_26' title="bbox 270 3402 1221 3485; baseline 0.006 -19"><span class='ocrx_word' id='word_1_168' title='bbox 270 3407 393 3467; x_wconf 86' lang='lat' dir='ltr'><strong>Nitidos</strong></span> <span class='ocrx_word' id='word_1_169' title='bbox 413 3404 529 3478; x_wconf 81' lang='lat' dir='ltr'><strong>rideo,</strong></span> <span class='ocrx_word' id='word_1_170' title='bbox 550 3404 727 3483; x_wconf 76' lang='lat' dir='ltr'><strong>elegantes,</strong></span> <span class='ocrx_word' id='word_1_171' title='bbox 748 3402 830 3463; x_wconf 90' lang='lat' dir='ltr'><strong>bene</strong></span> <span class='ocrx_word' id='word_1_172' title='bbox 851 3416 957 3465; x_wconf 87' lang='lat' dir='ltr'><strong>curata</strong></span> <span class='ocrx_word' id='word_1_173' title='bbox 970 3416 1060 3477; x_wconf 89' lang='lat' dir='ltr'><strong>ente,</strong></span> <span class='ocrx_word' id='word_1_174' title='bbox 1080 3407 1221 3485; x_wconf 78' lang='lat' dir='ltr'><strong>glabros,</strong></span> 
     </span>
     <span class='ocr_line' id='line_1_27' title="bbox 195 3504 1222 3585; baseline 0.009 -20"><span class='ocrx_word' id='word_1_175' title='bbox 195 3504 347 3585; x_wconf 78' lang='lat' dir='ltr'><strong>pingues,</strong></span> <span class='ocrx_word' id='word_1_176' title='bbox 370 3506 587 3573; x_wconf 84' lang='lat' dir='ltr'><strong>succulentos,</strong></span> <span class='ocrx_word' id='word_1_177' title='bbox 607 3504 707 3574; x_wconf 87' lang='lat' dir='ltr'><strong>leves,</strong></span> <span class='ocrx_word' id='word_1_178' title='bbox 729 3513 872 3577; x_wconf 86' lang='lat' dir='ltr'><strong>teneros,</strong></span> <span class='ocrx_word' id='word_1_179' title='bbox 893 3522 925 3564; x_wconf 89' lang='lat' dir='ltr'><strong>et</strong></span> <span class='ocrx_word' id='word_1_180' title='bbox 942 3522 1084 3567; x_wconf 82' lang='lat' dir='ltr'><strong>extreme</strong></span> <span class='ocrx_word' id='word_1_181' title='bbox 1098 3513 1222 3579; x_wconf 82' lang='lat' dir='ltr'><strong>molles.</strong></span> 
     </span>
     <span class='ocr_line' id='line_1_28' title="bbox 195 3586 1221 3685; baseline 0.008 -20"><span class='ocrx_word' id='word_1_182' title='bbox 195 3604 307 3666; x_wconf 87' lang='lat' dir='ltr'><strong>verum</strong></span> <span class='ocrx_word' id='word_1_183' title='bbox 333 3602 503 3664; x_wconf 88' lang='lat' dir='ltr'><strong>imbecilles</strong></span> <span class='ocrx_word' id='word_1_184' title='bbox 525 3618 598 3664; x_wconf 90' lang='lat' dir='ltr'><strong>sunt</strong></span> <span class='ocrx_word' id='word_1_185' title='bbox 617 3601 759 3676; x_wconf 88' lang='lat' dir='ltr'><strong>iuterim,</strong></span> <span class='ocrx_word' id='word_1_186' title='bbox 793 3624 851 3663; x_wconf 87' lang='lat' dir='ltr'><strong>nec</strong></span> <span class='ocrx_word' id='word_1_187' title='bbox 871 3586 963 3664; x_wconf 85' lang='lat' dir='ltr'><strong>alieni</strong></span> <span class='ocrx_word' id='word_1_188' title='bbox 995 3624 1009 3661; x_wconf 86' lang='lat' dir='ltr'><strong>a</strong></span> <span class='ocrx_word' id='word_1_189' title='bbox 1030 3609 1167 3685; x_wconf 87' lang='lat' dir='ltr'><strong>morbis,</strong></span> <span class='ocrx_word' id='word_1_190' title='bbox 1189 3616 1221 3674; x_wconf 90' lang='lat' dir='ltr'><strong>ni</strong></span> 
     </span>
     <span class='ocr_line' id='line_1_29' title="bbox 193 3701 1223 3785; baseline 0.004 -19"><span class='ocrx_word' id='word_1_191' title='bbox 193 3705 301 3777; x_wconf 84' lang='lat' dir='ltr'><strong>fallor,</strong></span> <span class='ocrx_word' id='word_1_192' title='bbox 327 3705 436 3785; x_wconf 90' lang='lat' dir='ltr'><strong>quales</strong></span> <span class='ocrx_word' id='word_1_193' title='bbox 454 3702 476 3763; x_wconf 89' lang='lat' dir='ltr'><strong>ii</strong></span> <span class='ocrx_word' id='word_1_194' title='bbox 496 3701 580 3782; x_wconf 85' lang='lat' dir='ltr'><strong>apud</strong></span> <span class='ocrx_word' id='word_1_195' title='bbox 601 3702 744 3763; x_wconf 85' lang='lat' dir='ltr'><strong>Graecum</strong></span> <span class='ocrx_word' id='word_1_196' title='bbox 765 3720 906 3781; x_wconf 86' lang='lat' dir='ltr'><strong>poetam,</strong></span> <span class='ocrx_word' id='word_1_197' title='bbox 934 3701 1144 3785; x_wconf 70' lang='grc' dir='ltr'><strong>ποδᾰγρῶντες,</strong></span> <span class='ocrx_word' id='word_1_198' title='bbox 1174 3742 1223 3777; x_wconf 67' lang='grc' dir='ltr'><strong>ια,</strong></span> 
     </span>
     <span class='ocr_line' id='line_1_30' title="bbox 193 3801 1220 3883; baseline -0.005 -16"><span class='ocrx_word' id='word_1_199' title='bbox 193 3801 359 3883; x_wconf 65' lang='lat' dir='ltr'><strong>parveridis,</strong></span> <span class='ocrx_word' id='word_1_200' title='bbox 378 3807 425 3865; x_wconf 78' lang='grc' dir='ltr'><strong>καὶ</strong></span> <span class='ocrx_word' id='word_1_201' title='bbox 445 3805 641 3875; x_wconf 71' lang='grc' dir='ltr'><strong>παχύκνημοι,</strong></span> <span class='ocrx_word' id='word_1_202' title='bbox 662 3805 709 3864; x_wconf 76' lang='grc' dir='ltr'><strong>καὶ</strong></span> <span class='ocrx_word' id='word_1_203' title='bbox 729 3808 820 3865; x_wconf 73' lang='grc' dir='ltr'><strong><em>πίονες</em></strong></span> <span class='ocrx_word' id='word_1_204' title='bbox 839 3801 985 3881; x_wconf 56' lang='lat' dir='ltr'><strong>deruptis,</strong></span> <span class='ocrx_word' id='word_1_205' title='bbox 1005 3810 1103 3869; x_wconf 83' lang='lat' dir='ltr'><strong>credo</strong></span> <span class='ocrx_word' id='word_1_206' title='bbox 1119 3813 1158 3871; x_wconf 85' lang='lat' dir='ltr'><strong>al)</strong></span> <span class='ocrx_word' id='word_1_207' title='bbox 1172 3813 1220 3874; x_wconf 87' lang='lat' dir='ltr'><strong>in.</strong></span> 
     </span>
     <span class='ocr_line' id='line_1_31' title="bbox 194 3905 1219 3988; baseline 0 -19"><span class='ocrx_word' id='word_1_208' title='bbox 194 3905 397 3988; x_wconf 85' lang='lat' dir='ltr'><strong>temperantia</strong></span> <span class='ocrx_word' id='word_1_209' title='bbox 417 3916 579 3986; x_wconf 80' lang='lat' dir='ltr'><strong>aegrotant.</strong></span> <span class='ocrx_word' id='word_1_210' title='bbox 633 3905 786 3967; x_wconf 86' lang='lat' dir='ltr'><strong>Profecto</strong></span> <span class='ocrx_word' id='word_1_211' title='bbox 808 3906 941 3967; x_wconf 88' lang='lat' dir='ltr'><strong>dedecet</strong></span> <span class='ocrx_word' id='word_1_212' title='bbox 959 3907 1120 3967; x_wconf 86' lang='lat' dir='ltr'><strong>nationem</strong></span> <span class='ocrx_word' id='word_1_213' title='bbox 1138 3910 1219 3969; x_wconf 85' lang='lat' dir='ltr'><strong>hane</strong></span> 
     </span>
     <span class='ocr_line' id='line_1_32' title="bbox 194 4004 847 4089; baseline -0.011 -17"><span class='ocrx_word' id='word_1_214' title='bbox 194 4012 275 4072; x_wconf 92' lang='lat' dir='ltr'><strong>ordo</strong></span> <span class='ocrx_word' id='word_1_215' title='bbox 296 4008 366 4081; x_wconf 85' lang='lat' dir='ltr'><strong>lrie,</strong></span> <span class='ocrx_word' id='word_1_216' title='bbox 389 4026 485 4089; x_wconf 88' lang='lat' dir='ltr'><strong>quem</strong></span> <span class='ocrx_word' id='word_1_217' title='bbox 504 4025 560 4067; x_wconf 91' lang='lat' dir='ltr'><strong>eur</strong></span> <span class='ocrx_word' id='word_1_218' title='bbox 579 4005 687 4066; x_wconf 87' lang='lat' dir='ltr'><strong>ferunt</strong></span> <span class='ocrx_word' id='word_1_219' title='bbox 706 4004 847 4066; x_wconf 79' lang='lat' dir='ltr'><strong>diutins?</strong></span> 
     </span>
    </p>

    <p class='ocr_par' dir='ltr' id='par_1_6' title="bbox 263 4105 1216 4490">
     <span class='ocr_line' id='line_1_33' title="bbox 654 4105 738 4165; baseline -0.024 0"><span class='ocrx_word' id='word_1_220' title='bbox 654 4105 738 4165; x_wconf 89' lang='lat' dir='ltr'><strong>Sol.</strong></span> 
     </span>
     <span class='ocr_line' id='line_1_34' title="bbox 266 4205 732 4271; baseline -0.015 -1"><span class='ocrx_word' id='word_1_221' title='bbox 266 4206 396 4271; x_wconf 88' lang='lat' dir='ltr'><strong>Pietatis</strong></span> <span class='ocrx_word' id='word_1_222' title='bbox 415 4205 593 4267; x_wconf 81' lang='lat' dir='ltr'><strong>reverentia</strong></span> <span class='ocrx_word' id='word_1_223' title='bbox 613 4205 732 4266; x_wconf 90' lang='lat' dir='ltr'><strong>ferunt.</strong></span> 
     </span>
     <span class='ocr_line' id='line_1_35' title="bbox 561 4304 808 4365; baseline -0.004 0"><span class='ocrx_word' id='word_1_224' title='bbox 561 4304 808 4365; x_wconf 61' lang='lat' dir='ltr'><strong>Phaethon.</strong></span> 
     </span>
     <span class='ocr_line' id='line_1_36' title="bbox 263 4404 1216 4490; baseline 0.004 -20"><span class='ocrx_word' id='word_1_225' title='bbox 263 4409 369 4470; x_wconf 75' lang='lat' dir='ltr'><strong>Nemo</strong></span> <span class='ocrx_word' id='word_1_226' title='bbox 396 4422 506 4487; x_wconf 84' lang='lat' dir='ltr'><strong>posset</strong></span> <span class='ocrx_word' id='word_1_227' title='bbox 538 4404 682 4490; x_wconf 85' lang='lat' dir='ltr'><strong>apposite</strong></span> <span class='ocrx_word' id='word_1_228' title='bbox 709 4404 809 4485; x_wconf 81' lang='lat' dir='ltr'><strong>magis</strong></span> <span class='ocrx_word' id='word_1_229' title='bbox 839 4404 950 4467; x_wconf 78' lang='lat' dir='ltr'><strong>rivere</strong></span> <span class='ocrx_word' id='word_1_230' title='bbox 981 4418 1093 4467; x_wconf 83' lang='lat' dir='ltr'><strong>contra</strong></span> <span class='ocrx_word' id='word_1_231' title='bbox 1121 4422 1216 4473; x_wconf 75' lang='lat' dir='ltr'><strong>tetus</strong></span> 
     </span>
    </p>
   </div>
   <div class='ocr_carea' id='block_1_4' title="bbox 0 0 1314 5094">
    <p class='ocr_par' dir='ltr' id='par_1_7' title="bbox 0 0 1314 5094">
     <span class='ocr_line' id='line_1_37' title="bbox 0 0 1314 5094; baseline 0 6"><span class='ocrx_word' id='word_1_232' title='bbox 0 0 1314 5094; x_wconf 95' lang='lat' dir='ltr'><strong> </strong></span> 
     </span>
    </p>
   </div>
  </div>
 </body>
</html>
