2632 5086
182 757 253 835 468
437 746 543 823 Trias
567 748 737 825 Romana
766 744 955 846 Dialogus.

182 955 286 1028 potest
322 941 478 1025 conqueri
512 939 676 1021 injuriam,
709 960 781 1003 curn
806 950 918 1001 statuat
944 941 1217 1017 concordatorunr

180 1047 281 1119 bulla,
302 1043 402 1125 siquis
419 1043 517 1118 (licat,
540 1042 625 1105 haud
640 1041 718 1105 scite
727 1052 834 1103 netum
848 1051 966 1102 annatae
981 1060 1121 1115 censum,
1141 1045 1216 1105 mit-

180 1146 306 1210 tendum
329 1142 368 1204 ab
395 1142 475 1205 urbe
495 1142 528 1203 iu
544 1141 744 1205 Germaniam
761 1143 977 1223 exploratum,
1005 1141 1141 1224 ,qualiter
1157 1163 1214 1206 res

181 1246 300 1315 habeat.

595 1362 623 1421 E
635 1361 707 1421 rnh
715 1359 793 1420 old.

255 1463 298 1526 At
318 1457 447 1544 qrrnndo
469 1458 636 1521 mittitur?

608 1577 776 1640 Hutten.

253 1679 297 1743 At
326 1677 454 1762 quando
484 1677 639 1760 conqueri
669 1679 780 1760 nlirpiis
806 1695 901 1741 ausus
928 1678 1000 1737 est?
1032 1677 1212 1757 perieuirnn

179 1790 227 1857 est
242 1778 324 1841 enim
337 1779 519 1861 potentibus
534 1780 642 1842 Rome
655 1778 688 1840 in
702 1799 738 1840 re
751 1797 846 1858 parva
860 1779 1024 1859 negotium
1037 1778 1210 1875 facessere7

180 1899 217 1942 ae
236 1901 347 1942 ornnes
367 1890 519 1942 verentur
537 1879 569 1939 in
590 1899 652 1951 co,
683 1879 722 1939 acl
742 1878 925 1958 pontificem
949 1879 1037 1961 quod
1059 1879 1209 1966 pertinet,

180 1981 364 2060 scrupulum
378 1999 526 2055 movere,
547 2000 612 2060 quo
626 2000 667 2040 ne
687 1981 853 2041 molestum
866 1977 905 2040 sit
922 1980 982 2039 hoc
999 1980 1209 2042 sanctissimo.

179 2082 339 2144 Praeterea
358 2078 515 2141 Vadiseus
539 2078 679 2140 dicebat:
703 2080 787 2140 diern
806 2099 872 2139 nou
896 2081 966 2138 saris
987 2101 1056 2141 csse
1076 2080 1152 2154 sibi,
1172 2101 1209 2151 ut

176 2179 312 2254 diceret,
340 2178 457 2260 quibus
482 2179 584 2240 modis
613 2178 808 2253 sacerdotio,
839 2199 908 2260 queo
929 2192 1002 2240 sunt
1027 2181 1145 2254 libera,
1176 2200 1210 2249 et

176 2303 193 2343 a
214 2278 333 2341 nostris
350 2277 448 2341 iocari
468 2279 600 2354 debent,
622 2281 681 2341 sub
699 2279 835 2344 Romani
855 2278 996 2358 episcopi
1016 2290 1209 2359 potestatem

176 2379 296 2442 cadant.
334 2382 468 2442 Etcum
488 2380 543 2441 diu
562 2381 657 2440 merlin
679 2379 833 2452 dixisset,
863 2379 917 2440 vix
939 2401 1037 2459 pauca
1065 2381 1208 2462 attigisse

176 2477 279 2542 videri
303 2481 448 2555 volebat,
480 2482 560 2543 adeo
580 2480 655 2540 nihil
683 2479 833 2542 omissum
862 2480 900 2540 nb
927 2481 1005 2552 illis,
1034 2481 1124 2561 qrrod
1144 2502 1211 2543 sno

173 2578 291 2642 serviat
306 2582 492 2655 commodo,
512 2579 685 2655 existimat,
707 2601 764 2658 per
779 2581 944 2662 quodlibet
959 2579 1046 2642 nesus
1062 2579 1206 2644 rescissis

173 2678 267 2753 netis,
286 2681 518 2742 consuetudine
534 2679 664 2754 abolita,
684 2680 785 2759 ruptis
802 2679 916 2759 pactis,
937 2680 1205 2745 conventionibus

171 2777 310 2853 sciuris,
351 2781 414 2845 fule
446 2782 582 2855 calcata,
618 2780 793 2863 profligatis
824 2781 972 2862 legibus,
1012 2784 1205 2862 strangulato

105 2960 111 2967 -
171 2876 345 2958 reiigione,
376 2880 520 2942 omnibus
547 2881 681 2942 inuersis
701 2897 733 2942 ct
752 2881 926 2962 perversis,
953 2882 1203 2960 committuntur,

171 2988 204 3039 et
215 2979 323 3061 pueris
344 2980 632 3053 sacerdotiumne,
654 3002 737 3060 pene
756 2981 946 3054 infantibus,
967 2998 1025 3061 pro
1040 2981 1204 3061 dispensa·

169 3080 255 3146 tione
270 3081 436 3158 pecuniam
450 3083 623 3163 accipiente
639 3083 752 3143 Romo.
790 3082 905 3164 Neque
919 3085 1016 3143 iillum
1034 3096 1082 3143 est
1099 3082 1202 3160 nesus,

167 3179 265 3241 ulium
279 3181 396 3257 scelus,
413 3184 474 3243 ulia
493 3183 700 3262 perversitas,
721 3203 814 3264 quam
827 3183 971 3245 conscire
990 3204 1049 3244 nos
1060 3185 1201 3246 Romani

167 3279 284 3354 nolint,
306 3301 372 3363 quo
388 3281 656 3362 dispensationum
677 3284 824 3345 fruantur
846 3283 968 3362 pretio,
990 3284 1045 3366 qui
1065 3301 1201 3365 peccant

167 3392 269 3441 tumen
291 3380 349 3461 ipsi
369 3383 438 3444 sine
458 3383 702 3463 dispensatione.
742 3383 809 3446 Seis
829 3383 1006 3466 Moguntiae
1029 3387 1200 3467 quemdum

166 3479 289 3542 nnlieri
308 3480 500 3544 Florentinae
520 3503 560 3542 ex
579 3482 736 3544 beneficio
760 3505 819 3546 suo
839 3483 972 3564 vectigal
993 3485 1158 3564 pendere?

515 3616 518 3621 ’
567 3591 778 3662 ἘτηὴοΙᾱ.

239 3707 353 3796 Nuper
371 3710 490 3783 audivi.

536 3890 538 3894 Α
571 3833 756 3912 ¹Hutten.

237 3928 339 4070 Etpd
361 3927 508 3995 mulieres
529 3933 607 4016 quid
627 3936 802 4015 beneficia?
821 3933 994 4020 presertim
1013 3936 1053 3998 ad
1071 3935 1193 4002 Italicas

160 4039 271 4091 nostra
284 4075 291 4087 .

188 4306 194 4319 ,
229 4241 314 4355 Nihil
343 4264 402 4327 per
421 4152 602 4319 Chrisnuuli
615 4152 821 4328 ¹iiilliii,ldirisi
844 4251 933 4336 quod
962 4252 1036 4316 huie
1063 4252 1193 4316 decreta

155 4356 202 4413 esi
221 4362 345 4422 pensio.
