2632 5086
137 841 204 917 tos
431 830 487 906 Ad
507 832 724 948 ⁸Eduardum
749 830 869 904 Leum

136 1049 327 1114 qrramquam
353 1025 536 1108 longissime
566 1023 639 1086 abes
664 1034 698 1085 tu
719 1025 758 1088 ab
781 1022 818 1084 iis
840 1018 981 1097 viribus,
1010 1043 1081 1106 quse
1102 1024 1166 1084 lrnc

136 1128 267 1213 possint.
315 1128 377 1191 Ubi
398 1126 497 1188 miror
512 1124 736 1187 hebetudinem
756 1123 968 1197 etiamtum,
997 1123 1053 1205 qui
1070 1133 1101 1185 te
1119 1123 1167 1184 sic

136 1229 281 1310 ignores,
309 1240 343 1291 ut
361 1244 451 1293 tanto
469 1247 541 1289 cum
558 1236 654 1290 heroe
669 1223 830 1287 imbecillis
849 1223 916 1302 ipse
931 1222 1012 1283 adeo
1028 1244 1165 1303 congre-

136 1330 242 1394 diaris.
283 1328 405 1391 Contra
428 1348 521 1410 quiem
540 1339 661 1400 tamen,
687 1323 714 1385 si
734 1322 801 1386 talis
819 1322 939 1406 alioqui
957 1322 1043 1385 risus
1063 1325 1167 1385 adhuc

137 1430 192 1494 ulli
211 1441 294 1492 esset
318 1431 433 1502 homo,
462 1430 586 1511 qtralcrn
609 1437 643 1487 tn
664 1435 696 1486 et
716 1424 835 1505 primus
859 1425 981 1498 defers,
1014 1434 1046 1486 et
1065 1427 1165 1500 sotus,

137 1554 202 1594 non
230 1529 379 1592 defutura
416 1527 472 1589 tibi
506 1526 621 1589 aemilia
648 1525 808 1588 botrorum
845 1535 877 1585 et
915 1527 1084 1588 doctorum
1114 1526 1166 1588 hic

138 1631 357 1715 plurimorum.
396 1630 476 1690 Nam
490 1611 594 1710 quum
602 1646 639 1688 ca
658 1626 697 1687 sit
712 1637 783 1688 ante
801 1637 874 1687 actae
891 1624 962 1703 ejus
980 1626 1049 1686 vitas
1070 1625 1164 1699 ratio,

139 1743 173 1794 ut
193 1731 232 1792 ab
256 1730 327 1810 ipso
348 1749 417 1790 earn
437 1748 530 1790 nemo
556 1726 679 1808 exigat,
711 1748 820 1788 omncs
840 1726 952 1806 passim
975 1726 1112 1807 probent
1133 1737 1166 1786 ct

140 1832 307 1904 extollant,
334 1828 473 1890 eruditio
498 1849 594 1902 vero,
623 1850 640 1888 a
665 1847 727 1908 epm
753 1847 879 1901 omnes,
902 1838 1061 1908 quotquot
1081 1838 1166 1902 sinn,

139 1930 172 1993 id
191 1928 359 1991 Germania
379 1928 465 1989 docti
481 1927 658 1999 creverint3
684 1927 752 2006 ipse
775 1937 808 1986 tu
827 1925 854 1988 si
873 1926 913 1986 tul
932 1926 1166 1988 consessionem

140 2028 276 2111 adigaris
302 2028 365 2108 jam
388 2025 469 2107 jam,
498 2037 535 2088 ut
554 2046 594 2085 cx
615 2025 807 2088 conscicntia
833 2025 935 2100 (lieas,
961 2025 1072 2103 negari
1097 2049 1165 2091 non

140 2127 258 2212 possit,
287 2129 417 2190 multum
436 2137 466 2190 te
489 2124 681 2206 profecisse:
712 2126 789 2208 quid
814 2126 897 2188 aliud
921 2126 1052 2203 mereri,
1081 2127 1167 2190 dice·

139 2251 236 2304 miss,
276 2248 371 2311 ‹pmm
396 2227 439 2288 ob
466 2225 622 2308 insignem
654 2227 733 2288 hanc
766 2224 1024 2308 ingratitudinem
1057 2248 1168 2291 omrres

142 2328 285 2403 oderint,
307 2326 350 2389 ob
366 2330 467 2388 scelus
486 2346 564 2387 vero
582 2326 660 2388 male
681 2327 812 2386 innitent
832 2324 946 2402 etiarn,
973 2337 1004 2388 et
1020 2327 1169 2392 atrociter

140 2428 298 2512 puniant?
331 2427 455 2489 Siccine
481 2426 614 2487 amentia
638 2424 779 2506 potuisse
805 2426 897 2500 ferri,
930 2439 963 2488 nt
991 2429 1076 2491 ultro
1097 2450 1168 2509 per·

142 2530 282 2593 dendum
309 2527 499 2608 praeberes?
531 2526 678 2587 Perderis
707 2527 811 2602 enim,
841 2527 984 2607 perderis
1007 2531 1166 2612 profecto,

141 2652 207 2692 non
227 2628 286 2690 illis
303 2629 417 2703 sorte,
451 2626 567 2712 quibus
588 2626 723 2708 ‹lellngis
745 2629 930 2690 meticulose
953 2627 1168 2707 suspicante,

141 2728 252 2812 gladiis
273 2724 408 2800 nostris,
443 2728 501 2790 sed
528 2726 654 2790 vindice
675 2727 762 2804 stilo,
794 2739 824 2789 et
842 2728 1003 2790 bonorum
1028 2728 1171 2794 omnium

141 2826 304 2890 sententiis
325 2826 502 2907 perfractus
523 2838 555 2887 ct
577 2826 767 2891 conscissus.
813 2829 882 2890 Etsi
903 2827 978 2890 ninit
997 2829 1077 2891 adeo
1096 2850 1171 2909 pee-

140 2936 245 2989 catum
269 2926 308 2986 ab
327 2927 388 2988 hoc
407 2927 471 2990 dici
490 2927 620 3003 (lubeat,
649 2927 792 3012 quisquis
811 2939 841 2989 te
867 2930 910 2990 olr
929 2929 1084 2991 vinalenta
1105 2931 1172 2992 haec

141 3014 302 3102 ¹convicia,
333 3028 376 3090 ob
400 3026 649 3090 maledicentiam
674 3030 743 3108 plus
764 3028 849 3091 omni
870 3028 1058 3093 immanitate
1081 3031 1172 3094 ‹lete-

141 3129 300 3202 standam‚
320 3127 353 3189 in
367 3128 484 3191 frustra
501 3127 593 3191 etiam
612 3129 765 3191 discindat
784 3140 815 3192 et
832 3129 1033 3193 comminuat.
1072 3132 1170 3212 Quod

141 3226 168 3288 si
189 3227 318 3311 quarrelo
339 3228 472 3304 laenam,
505 3228 673 3291 clarissima
693 3250 785 3307 gerra,
815 3233 984 3312 populares
1002 3230 1048 3294 tui
1067 3243 1171 3316 Anyti

142 3327 370 3405 cognoverint,
390 3326 464 3388 lieet
485 3349 556 3417 eos,
580 3352 648 3412 qum
670 3330 757 3392 fraus
781 3342 828 3393 est
851 3343 920 3408 tna,
933 3337 1076 3415 'qtucque
1097 3355 1170 3413 per·

142 3414 291 3500 versitas,
320 3438 431 3488 contra
453 3438 626 3492 Εναειηιιιη
648 3431 806 3493 enricitare
826 3434 972 3507 studeas,
994 3435 1171 3516 garrrleuter

141 3536 246 3587 tamen
268 3525 397 3601 terent,
433 3528 487 3609 qui
511 3539 541 3589 te.
567 3539 654 3590 tanto
679 3532 918 3608 conviciatore,
953 3533 999 3596 sio
1025 3534 1171 3615 improbe

142 3625 196 3688 abs
221 3645 255 3687 se
287 3626 491 3689 dissentiente
518 3641 654 3690 careant.
702 3631 818 3693 Amant
845 3633 928 3695 enim
956 3633 1058 3695 virum
1086 3635 1172 3695 hune

142 3746 269 3801 omncs,
288 3746 348 3786 nec
365 3710 622 3803 amarulentum,
642 3731 698 3792 sed
716 3744 908 3794 venerantur
925 3733 1018 3795 ctiam
1033 3745 1064 3795 et
1080 3756 1173 3796 reve·

141 3838 248 3889 renter
271 3829 390 3889 colunt.
443 3830 549 3908 Quare
578 3830 671 3892 ctiam
698 3831 724 3894 si
752 3833 834 3896 hene
859 3842 1046 3897 Tremeallos
1079 3835 1170 3909 novi,

140 3936 276 4003 Mores,
303 3936 484 4005 Dinawar,
509 3939 640 3995 Paeoeos
663 3948 691 3995 et
709 3942 867 3996 Grecinos
894 3945 981 3995 reete
1007 3935 1171 4015 perspexi,

141 4028 244 4110 dignis
267 4041 298 4089 te
322 4027 426 4092 modis
449 4040 636 4092 tractaturos
655 4032 741 4108 seio,
768 4033 823 4115 qui
841 4034 921 4094 lianc
940 4033 1046 4126 patria
1067 4046 1174 4099 notam

140 4127 292 4190 inusseris
323 4130 403 4189 hanc
438 4141 561 4195 nornins'
597 4142 706 4216 Anyto
743 4134 937 4214 adsperseris
969 4133 1097 4211 labem,
1138 4147 1175 4199 ut

140 4228 214 4289 inde
233 4248 381 4310 egressus
402 4229 477 4291 olim
495 4230 637 4308 dicatur,
671 4232 786 4316 quide
812 4251 877 4299 toto
902 4242 1074 4299 reniversim
1101 4244 1176 4301 orbe

142 4337 403 4395 benemerentem
427 4341 624 4411 Erasmum,
663 4332 783 4417 primus
813 4318 968 4404 conviciis
999 4336 1177 4419 procident
