2632 5086
450 678 624 754 ltlisaduc
646 680 829 781 Dialogus
1100 688 1145 767 lp

129 866 281 935 nidmu
310 892 397 938 mos
421 868 610 949 discrimen,
651 871 711 939 uisi
737 874 777 938 ad
801 874 1019 941 contumeliam
1044 894 1147 960 usqne

139 980 254 1035 unna
268 994 380 1055 opera
398 984 517 1037 noem·

209 1068 320 1159 lurp:
338 1075 454 1135 volunt
474 1073 697 1151 assiduitatem,
728 1070 1007 1151 colummanus,
1037 1076 1148 1137 volunt

152 1190 263 1255 quoqu
298 1184 380 1235 eant
410 1182 445 1234 ut
476 1190 510 1234 se
541 1180 625 1257 velut
657 1174 784 1256 propria
813 1180 924 1241 umbre
954 1174 1148 1238 comitemur.

154 1270 246 1355 lleque
274 1280 384 1336 amant
411 1295 614 1359 quemquam,
649 1270 707 1336 uisi
733 1268 787 1358 qui
814 1276 844 1336 in
874 1276 971 1339 oculis
997 1276 1054 1339 sibi
1078 1294 1149 1356 per-

157 1382 233 1451 petue
258 1384 307 1435 est
333 1372 377 1448 ὑ).
423 1374 465 1441 Et
492 1397 546 1436 eos
573 1374 739 1457 benignius
768 1372 902 1451 liabent,
940 1375 995 1461 qui
1023 1374 1150 1457 obstipo

160 1482 214 1532 tite
229 1470 397 1552 incapite,
419 1473 598 1556 quoties⁶³³l
611 1476 822 1555 respexerint,
839 1474 996 1567 inplinaut.
1026 1474 1148 1556 Quibus

164 1570 233 1655 agli·
256 1584 466 1654 sangenon.
515 1572 577 1654 Qui
604 1592 711 1635 omues
737 1574 859 1636 illorum
886 1589 1002 1651 nutus,
1035 1575 1151 1636 nedum

166 1666 234 1748 juia
259 1671 447 1748 observant,
471 1674 541 1757 .qui
569 1673 761 1754 ceremonias
791 1672 903 1736 aulicas
937 1696 996 1755 pro
1027 1670 1150 1757 legibus

169 1770 271 1846 tolum,
296 1785 388 1857 atque
410 1764 507 1855 igitur
526 1796 593 1836 nuo·
612 1795 720 1836 ouures
740 1774 850 1835 ordine
870 1772 997 1844 callent,
1027 1778 1060 1833 et
1076 1790 1152 1833 exe·

173 1878 305 1951 vunnu,
330 1870 372 1934 ita
391 1882 426 1934 ut
445 1872 472 1934 si
491 1874 585 1935 latum
604 1874 642 1935 ab
661 1875 707 1936 his
728 1894 866 1957 unguem
885 1870 1062 1946 discedant,
1087 1868 1154 1950 pin·

175 1970 260 2032 culum
282 1970 338 2033 hoc
362 1971 411 2034 sit·
459 1970 598 2034 Proinde
622 1972 797 2036 desertores
818 1973 939 2033 'vocant
967 1992 1039 2046 eos,
1072 1987 1152 2052 quos

177 2088 231 2129 non
251 2092 362 2154 semper
394 2070 428 2133 in
448 2080 538 2155 tergo
566 2074 714 2135 haerentes
741 2072 801 2136 sibi
826 2073 1047 2154 conspexerint
1067 2069 1155 2144 aaa),

178 2168 224 2251 qui
236 2192 290 2233 nou
305 2192 429 2253 semper
448 2170 480 2233 iu
499 2183 588 2257 tergo
608 2173 668 2235 sibi
688 2175 822 2247 baereut,
841 2170 959 2254 magis,
987 2189 1079 2253 quam
1100 2164 1156 2250 qui

178 2268 281 2333 inacie
300 2273 368 2335 loco
396 2283 567 2335 cesserunt.
615 2271 656 2335 Et
682 2292 835 2336 summum
861 2270 997 2334 studium
1023 2274 1089 2341 est,
1122 2274 1158 2327 ut

180 2379 247 2431 recte
259 2371 414 2434 misceatur
427 2370 520 2455 regiae
536 2394 656 2453 pompe
669 2367 806 2435 incessus
818 2360 912 2445 *”“)’,
932 2381 966 2430 ut
978 2366 1017 2430 ad
1034 2385 1159 2428 ornnem

184 2465 303 2551 principis
324 2470 468 2533 intuitum
493 2470 602 2553 palleat
628 2472 721 2556 quis,
755 2493 791 2534 ae
817 2469 949 2533 attonito
979 2466 1082 2528 similis
1109 2464 1159 2526 sil.

186 2566 290 2632 huon
308 2570 413 2647 sides,
442 2582 476 2633 ut
497 2572 579 2653 apud
604 2572 787 2635 titubantem
812 2569 918 2634 dicere
945 2565 1094 2651 oportet?
1124 2582 1161 2626 ao

185 2686 235 2747 pn
254 2669 353 2735 timore
379 2672 542 2733 sudantem
568 2693 632 2733 nou
659 2672 843 2754 uunquam?
886 2670 976 2744 Est)
996 2674 1161 2752 quantum·

190 2785 285 2851 mque
309 2766 436 2854 aliquod
470 2770 617 2835 familiare
651 2781 682 2832 et
715 2770 866 2855 exiguum
899 2780 945 2832 est
980 2762 1159 2848 negotium,

192 2886 240 2948 qv
268 2872 478 2952 perplexitate,
501 2870 615 2955 'qnam
656 2872 830 2934 haesitanter
867 2889 902 2930 ac
944 2867 1065 2948 trepide
1109 2864 1162 2926 ille

189 2970 304 3049 lgtlffl
319 2981 445 3047 orator,
474 2980 508 3033 ut
529 2970 776 3054 Lugdunensem
803 2972 924 3033 Rlietor
952 2966 1092 3028 dicturus
1123 2962 1163 3023 ad

189 3066 272 3129 m?
301 3070 362 3134 Ubi
388 3068 560 3152 periculum
588 3083 633 3133 est
660 3068 693 3131 iu
722 3069 801 3131 tituli
829 3060 1086 3148 pronunciatione
1113 3060 1164 3124 vel

187 3166 304 3245 qlbbnn
332 3168 589 3253 preteuniseris,
635 3182 687 3233 aut
724 3169 856 3251 poplites
886 3163 932 3228 tui
964 3167 990 3226 si
1029 3163 1163 3225 officinm

186 3262 222 3327 ibi
240 3271 327 3334 muru
349 3271 425 3334 scite
451 3268 573 3337 laciaut.
620 3270 884 3352 Cavendumque,
914 3276 949 3328 ut
974 3262 1077 3327 emula
1103 3258 1164 3324 siut

184 3367 280 3445 notia,
308 3372 461 3453 perfracta
484 3373 603 3448 omnia,
632 3381 666 3432 ut
687 3392 766 3451 opus
792 3369 830 3431 sit
857 3361 952 3429 docto
980 3358 1072 3425 alicui
1100 3360 1165 3422 Co·

182 3466 337 3534 loedlmmi
364 3471 462 3536 actori
489 3491 616 3585 operam
641 3468 782 3544 dedisse,
814 3487 849 3530 ae
868 3463 1067 3529 histrouicam
1087 3457 1166 3521 didi·

181 3564 262 3646 cisse,
287 3595 350 3656 quo
369 3568 522 3658 nequid
513 3594 546 3634 m
568 3570 847 3653 congenudatioue'
866 3564 1038 3629 aberretur
1089 3562 1166 3640 Qua

181 3686 238 3733 eura
265 3670 425 3741 vaniss'uua
461 3668 563 3734 omnia
594 3669 677 3744 siut,
718 3680 821 3731 tamen
856 3664 1022 3748 plurimum
1056 3660 1088 3722 in
1119 3656 1166 3722 his

181 3766 231 3833 diti
251 3771 429 3836 absumitur.
472 3767 595 3836 Deinde
624 3768 838 3851 apparationes
864 3760 920 3829 illae
951 3766 1057 3847 quales
1083 3767 1166 3831 suut,

175 3874 289 3955 wando
307 3882 385 3938 totas
404 3894 470 3937 nou
487 3891 648 3955 nunquam
668 3891 725 3932 sex
744 3869 836 3930 horas
854 3864 996 3929 standum
1014 3872 1076 3936 est,
1101 3870 1167 3920 uuo

172 4024 326 4043 ω

196 4119 225 4191 ⁸)
242 4136 297 4177 est:
322 4129 363 4175 rit.
400 4115 447 4186 ¹⁵⁸)
470 4124 517 4180 last
534 4117 749 4178 durchsestricheu
794 4106 852 4180 W)
872 4128 931 4177 quos
950 4128 999 4168 noa
1016 4131 1111 4174 semper
1124 4118 1170 4166 etc.

194 4216 369 4268 ”mutarint
384 4211 561 4264 hinzuzesetzt.
590 4197 664 4266 W)
677 4209 802 4252 lacertus:
828 4204 948 4261 strepitus.
975 4198 1067 4264 †)lte:
1086 4197 1171 4249 tuus

192 4298 242 4358 fl)
258 4308 339 4361 apert
363 4295 427 4342 dicit.

158 4416 223 4465 nuti
240 4417 286 4475 ΟΡ.
310 4415 338 4462 Τ.
356 4414 397 4461 nt.
764 4370 786 4447 d
