2632 5086
216 804 287 881 lto
477 798 584 879 Trias
608 761 987 894 RomanaDialogus.

648 992 818 1054 Hrrtten.

292 1094 366 1155 Huc
391 1092 483 1156 sliam.
522 1068 625 1168 Tria,
650 1093 804 1154 Vadiscus
831 1091 889 1168 ait,
919 1090 1100 1176 paucissimi
1128 1093 1241 1157 Romu

216 1193 364 1256 credunt:
378 1195 552 1257 animorum
563 1193 840 1269 immortalitatem,
851 1192 1106 1257 communionem
1116 1206 1243 1256 sancto·

216 1315 302 1373 rum,
323 1306 354 1355 et
372 1294 549 1358 inferorum
572 1316 689 1376 poenas.

624 1410 835 1472 Ernlrold.

295 1510 467 1576 Persuasit.
517 1510 673 1573 Existimo
708 1511 815 1586 enim,
854 1508 881 1573 si
905 1510 1036 1572 animam
1072 1511 1244 1575 crederent

217 1613 443 1686 immortalem,
476 1606 588 1695 utique
617 1631 684 1673 eam
715 1614 877 1699 excoleret
908 1612 1071 1694 quisque,
1104 1609 1243 1696 ejusque

217 1712 391 1776 commodis
418 1712 606 1787 inserviret,
640 1733 725 1773 nunc
745 1711 890 1791 corporis
909 1713 1101 1794 voluptatem
1119 1713 1152 1773 in
1173 1726 1243 1775 ten·

217 1825 283 1876 tum
317 1822 497 1889 sectantur,
535 1823 570 1874 ut
603 1813 735 1874 animam
771 1825 913 1892 premant
943 1812 1047 1875 modis
1081 1810 1243 1875 omnibns·

216 1914 303 1978 lllnm
333 1935 410 1976 vero
439 1914 604 1977 beatonrm
633 1910 910 1987 communionem,
944 1910 1047 1995 siquid
1081 1913 1242 1988 lacerent,

217 2013 309 2078 etiam
329 2012 399 2095 ejus
425 2012 592 2094 participes
619 2033 688 2075 esse
715 2015 841 2074 vellent.
880 2011 985 2075 Porro
1010 2012 1051 2072 de
1070 2012 1171 2092 poenis
1193 2013 1243 2075 in·

215 2114 359 2178 ferorum
380 2116 432 2176 vel
451 2115 584 2175 verbum
605 2112 712 2176 (licere
732 2111 813 2174 inter
832 2112 996 2191 praeclaros
1025 2113 1083 2175 hos
1099 2113 1243 2196 Quirites

216 2236 276 2297 pro
300 2214 373 2276 anill
392 2224 440 2276 est
459 2213 575 2276 sabula.

644 2327 815 2392 Horten.

293 2432 336 2494 Et
364 2442 466 2494 tamen
492 2427 639 2512 pietatem
667 2439 824 2492 ostentant
850 2427 918 2506 ibi,
947 2438 978 2492 et
996 2430 1035 2493 de
1055 2449 1093 2493 ca
1111 2428 1242 2513 publice

216 2536 390 2616 loquuntur
416 2530 585 2592 admodum
603 2528 780 2613 magnifice.
819 2530 926 2612 Quare
942 2529 986 2593 sic
1004 2530 1102 2594 ¹refert
1121 2530 1242 2596 Vadis·

218 2655 292 2696 cus:
320 2632 380 2694 tris
399 2632 525 2704 Rom,
553 2649 624 2692 cum
647 2628 774 2693 minime
794 2628 874 2705 sint,
905 2641 1009 2693 tamen
1028 2642 1063 2695 ut
1081 2649 1242 2719 nusquam

218 2732 291 2796 alibi
310 2739 526 2795 ostentantur:
545 2730 665 2811 pietas,
686 2730 786 2807 fides,
807 2742 839 2794 et
858 2729 1048 2795 innocentia.

632 2845 661 2908 E
673 2850 748 2911 rnh
758 2846 835 2911 old.

293 2943 446 3009 Proiecto
458 2944 541 3010 nulla
555 2957 626 3010 sunt
641 2944 685 3008 ibi
704 2969 760 3024 ca,
780 2946 948 3011 ostentatio
960 2967 1040 3013 vero
1055 2948 1120 3012 hec
1134 2947 1246 3014 similis

216 3045 292 3111 mihi
311 3047 439 3110 videtur
455 3046 634 3131 virgiliano
655 3045 706 3112 isti
727 3061 885 3125 monstro,
906 3046 998 3130 cujus

281 3158 396 3216 Prima
415 3157 556 3214 hominis
569 3157 699 3228 facies,
722 3159 899 3231 sepulchro
915 3168 1042 3231 pectore
1059 3161 1151 3235 sirpo

287 3250 372 3308 Pube
388 3261 478 3311 tenus
495 3259 659 3324 postrema
678 3252 813 3308 immani
830 3268 961 3324 corpore
973 3254 1101 3324 pristis.

640 3387 674 3452 H
681 3398 810 3454 utten-

292 3485 415 3552 Contra
441 3503 538 3564 vero,
564 3486 623 3550 tria
643 3491 754 3554 Romu
772 3511 844 3554 cum
870 3488 933 3555 sint
951 3494 1101 3569 maxime,
1128 3491 1241 3557 viden·

218 3597 269 3652 tur
288 3598 392 3652 tamen
408 3607 560 3670 perraro:
580 3600 671 3653 vetus
691 3611 803 3654 aurum
823 3589 1029 3669 (abstruditur
1050 3595 1112 3656 hoc
1132 3616 1150 3656 a
1169 3613 1243 3657 cur·

217 3688 325 3751 tisanis
343 3687 387 3750 ibi
414 3688 579 3767 sacrificis,
600 3702 632 3753 et
659 3690 941 3770 foeneratoribus)
968 3693 1133 3774 pontifex,
1165 3716 1241 3757 raro

217 3789 243 3852 is
264 3791 314 3867 (ut
333 3788 498 3871 augustior
528 3789 568 3852 sit
589 3789 660 3872 ejus
688 3795 772 3873 apud
790 3796 922 3877 vulgum
940 3797 1144 3878 conspectus)
1165 3820 1242 3879 pro-

219 3887 265 3953 dit
285 3890 317 3951 in
335 3889 514 3969 publicum,
549 3901 582 3954 et
609 3904 748 3957 reuustae
768 3894 932 3973 mulieres,
963 3895 1079 3979 quibus
1107 3912 1240 3982 propter

220 3989 427 4069 zelotypiam,
459 4001 491 4052 ct
509 3990 736 4057 adulteriorum
755 3995 800 4059 ibi
818 3994 989 4072 licentiam,
1019 4008 1163 4062 metuunt
1183 3999 1240 4085 qui

218 4086 350 4165 habent,
368 4099 464 4175 atque
484 4090 583 4175 igitur
601 4095 772 4161 custoditas
792 4098 973 4162 observant.

625 4208 845 4276 Ernhotd.

312 4306 448 4386 Quando
478 4306 583 4373 omnis
617 4313 869 4392 complectuntur
905 4312 1034 4382 Vadisci
1066 4315 1240 4394 terniones,

220 4399 272 4478 dic
291 4426 361 4492 qrrss
379 4409 538 4474 carissima
556 4428 627 4474 essc
647 4411 756 4476 Rornae
776 4411 1009 4482 arbitrabatur?
