2632 5086
350 747 456 827 Triae
480 748 648 823 Romana
672 747 858 851 Diatogm.
1029 726 1116 837 *⁴69

379 1037 381 1040 .
508 941 701 1006 Ernhold.

166 1040 210 1117 At
227 1043 300 1107 mihi
318 1045 444 1111 videtur
464 1047 561 1108 solam
581 1042 747 1126 pecuniam
764 1044 838 1110 satis
858 1064 940 1111 erre.

507 1193 694 1255 Hutten.

168 1291 245 1353 Satis
272 1293 416 1375 quidem,
443 1292 543 1375 siquis
564 1291 718 1365 abundet·;
746 1290 800 1353 ubi
823 1302 903 1356 re'ro
922 1309 1019 1372 egere
1039 1288 1111 1375 q'uir

89 1390 211 1468 incipit.
239 1392 282 1452 ibi
301 1410 366 1453 tum
388 1393 588 1467 fictionibus,
615 1391 796 1471 promissis,
822 1392 998 1466 causando,
1024 1413 1112 1454 men-

90 1491 218 1566 tiendo,
251 1491 442 1572 pejerando,
472 1506 502 1554 et
521 1493 695 1572 dejerando
719 1491 879 1555 delectum
901 1513 975 1554 enm
995 1492 1111 1556 sarcire

90 1604 225 1670 oportet.
264 1593 381 1653 Literae
400 1615 495 1669 vero,
522 1593 582 1655 nisi
601 1593 670 1674 spei
689 1596 788 1676 plenae
808 1591 1018 1675 amplissimae,
1036 1591 1111 1652 nihil

88 1691 217 1753 iaciunt.
264 1695 362 1771 Quod
392 1693 418 1754 si
442 1694 527 1755 sorte
555 1693 593 1754 ab
623 1714 663 1755 eo
691 1695 774 1770 sint,
809 1715 864 1777 qur
894 1695 948 1753 aut'
976 1692 1110 1770 pecnnia

88 1794 218 1850 multum
245 1794 363 1866 valeat,
395 1805 448 1854 ant
471 1794 627 1874 potentia,
662 1805 693 1854 ct
727 1794 841 1874 opibus
871 1793 1004 1867 floreat,
1034 1803 1109 1854 tunc

87 1890 217 1970 aliquod
241 1891 300 1951 erit
326 1893 433 1974 utique
458 1893 557 1954 ineis
581 1895 770 1980 praesidium.
808 1893 886 1954 Tria
904 1892 989 1955 enim
1007 1896 1108 1975 nego-

87 1990 163 2049 tium
178 2011 272 2050 omne
286 2008 475 2070 promovent
488 1994 612 2055 Romae:
626 2017 772 2070 munera,
788 1994 891 2069 lavor,
905 2005 936 2054 et
949 1992 1105 2074 potentia3

86 2091 142 2150 sed
161 2090 254 2151 lavor
273 2091 456 2155 conciliatur
481 2105 512 2154 et
533 2093 601 2175 ipse
628 2096 755 2172 dando,
786 2084 841 2158 cui
865 2092 936 2177 quis
956 2092 1107 2160 inutiliter

86 2191 170 2252 enim
190 2193 298 2254 ltomae
317 2191 430 2255 lavet?

505 2310 698 2375 Ernhold.

159 2408 260 2471 Nobis
282 2411 409 2492 quidem
423 2411 461 2472 ad
482 2432 534 2485 ea,
557 2433 626 2494 quae
637 2411 684 2473 ibi
701 2408 934 2492 quaerebamus,
955 2411 1108 2471 malorum

83 2509 194 2568 lavore
215 2529 296 2589 opus
319 2530 384 2569 non
411 2521 497 2585 crat,
530 2514 643 2573 multos
666 2521 770 2573 autem
792 2509 927 2574 vidimus
944 2520 1107 2590 contemp·

84 2608 199 2668 tissime
228 2629 343 2688 agere,
372 2608 461 2689 quod
483 2610 674 2689 potuissent,
705 2609 733 2672 si
753 2629 792 2672 ee
809 2608 944 2686 fuisset,
970 2606 1107 2691 pecunia

85 2706 252 2768 redimere.

498 2825 677 2889 Huttcn.

159 2922 196 2984 In
230 2922 362 2986 eandem
393 2927 579 2989 sententiam
604 2930 661 2989 tria
689 2926 844 2988 Vadiscuc
872 2935 961 3006 putet
992 2945 1106 2988 unum·

84 3044 243 3107 quemque
275 3023 338 3086 illic
368 3027 521 3103 evehere,
556 3026 739 3108 pecuniam,
771 3026 951 3097 audaciam,
988 3034 1022 3083 ct
1048 3023 1108 3085 im·

82 3125 273 3207 pudentiana.
709 3148 712 3154 ¹

502 3242 697 3306 Ernlrold.

158 3338 272 3401 Omnia
291 3340 433 3404 comitari
453 3345 619 3423 pecuniam
639 3344 754 3417 video,
776 3359 963 3425 quamquam
982 3340 1104 3405 estati-

84 3436 160 3517 quid
188 3438 262 3501 item
291 3443 436 3518 audacia,
468 3455 503 3506 ut
533 3445 669 3522 satyrico
697 3443 838 3516 videtur,
867 3460 938 3502 eum
969 3441 1040 3524 quis
1068 3452 1105 3506 ut

82 3549 239 3619 emergat,
260 3541 357 3604 exilio
376 3554 407 3603 et
420 3563 547 3607 carcere
558 3536 690 3626 dignum
703 3539 868 3606 consciscit
887 3540 1019 3603 lacinuaa

512 3689 679 3749 Hutten.

158 3782 267 3864 Atque
296 3801 334 3844 ea
363 3782 397 3845 in
425 3807 460 3849 se
491 3790 602 3853 multas
633 3771 851 3868 complectitur
876 3781 1102 3877 improbitatec.

81 3878 279 3963 impudentia
299 3895 409 3972 autern¹
428 3888 651 3951 verecundiam
678 3885 824 3966 dissipat,
851 3895 884 3946 et
906 3906 972 3970 quo
999 3882 1103 3959 miuus

79 3985 197 4066 pudeat
212 3984 340 4068 flagitii,
365 3987 432 4068 ipsa
449 3987 551 4049 efficit.

497 4102 689 4168 Ernhold.

164 4202 266 4264 Recte
294 4217 528 4284 comparatum,
560 4206 652 4288 quale
673 4212 722 4266 est
742 4202 805 4265 hoc
823 4214 928 4266 autem
945 4204 1097 4277 dedecus,

80 4296 164 4363 idem
190 4313 242 4362 aut
269 4303 363 4375 dare,
398 4317 451 4366 aut
470 4305 654 4385 promittere
680 4304 771 4367 simul
792 4305 954 4386 pluribus,
984 4304 1101 4371 deinde

81 4398 142 4477 pati
162 4399 283 4479 litigare
301 4424 356 4463 eos
367 4450 375 4479 ‚
398 4404 455 4487 qui
477 4426 535 4486 spe
546 4405 599 4468 illa
618 4405 735 4488 pariter
754 4407 856 4467 lactati
873 4403 960 4466 sint?

115 4502 352 4558 mmmmm
765 4494 811 4560 w
