2632 5086
230 782 277 861 ld
507 783 563 861 ad
585 781 689 856 Bilib.
714 781 962 859 Pirckhcimer

227 992 292 1038 non
312 975 430 1056 postica
457 976 518 1056 jam
537 978 618 1038 ultra
647 976 747 1037 Souna
772 972 939 1058 persequi,
964 973 1019 1036 sed
1046 973 1187 1033 animoso
1210 967 1243 1031 ia

226 1075 364 1138 frontem
384 1077 501 1156 impetu
530 1075 710 1138 obturbare.
760 1077 798 1138 ld
819 1077 906 1158 ciitod
926 1085 956 1135 te
975 1073 1090 1151 paritcr
1109 1080 1140 1131 et
1159 1071 1243 1132 velle

228 1175 313 1248 scin,
344 1188 376 1236 ct
403 1177 508 1238 facere
527 1175 641 1248 vide0,
670 1198 689 1236 e
709 1176 814 1255 paucis
835 1198 916 1236 tutus
936 1193 1075 1241 mestum
1106 1169 1243 1250 quodsi

227 1296 292 1337 non
318 1276 530 1337 inconstanter
556 1273 720 1348 attonat-is,
754 1276 851 1336 credo
880 1273 1046 1354 alirumndo
1072 1272 1244 1332 multorum

227 1394 299 1437 eum
319 1374 458 1455 pernicie
471 1373 584 1437 multos
599 1373 825 1451 adjuvabimus.
863 1375 929 1438 Ncc
945 1394 1003 1433 nos
1016 1392 1110 1434 moras
1126 1369 1245 1452 pigeat.

230 1474 378 1554 Quanti-is
403 1473 484 1536 enirn
513 1476 657 1555 paulatim
684 1475 826 1554 procedit
851 1476 927 1548 boc,
962 1472 1050 1554 qnod
1075 1471 1243 1540 anatinam

228 1576 372 1657 procedit
405 1585 523 1650 tamen,
564 1587 595 1635 et
621 1575 672 1637 rel
701 1576 789 1648 olim,
832 1596 896 1656 into
932 1575 1043 1647 debet,
1079 1594 1144 1633 non
1173 1570 1245 1634 sine

228 1673 355 1757 publico
377 1674 481 1756 alitum
510 1675 677 1737 commodo
697 1676 819 1736 evadet.
858 1677 980 1737 interca
999 1677 1103 1754 patna
1123 1674 1245 1755 lignum

229 1774 433 1847 imitabimur,
464 1795 585 1855 nontpe,
608 1785 659 1849 nt,
692 1786 808 1856 quanto
838 1796 897 1836 nos
926 1775 967 1835 illi
994 1774 1091 1854 magis
1118 1773 1245 1854 suppri-

228 1884 316 1937 munt
332 1874 381 1949 ⁴³),
410 1884 495 1934 tanto
516 1873 664 1935 obnixius
683 1894 807 1939 sursunt
826 1896 995 1948 ctntcmnr,
1022 1896 1057 1935 ac
1076 1877 1245 1937 adversum

230 1994 385 2035 onerosos
406 1993 607 2052 oppressuros
627 1972 806 2035 indomabili
831 1997 889 2034 nos
911 1975 1103 2036 contumacia
1123 1975 1246 2036 attolla-

229 2090 308 2134 mus.
362 2073 413 2135 Ad
444 2073 532 2154 qnod
560 2072 643 2135 idem
676 2076 831 2155 agendum
863 2075 1024 2157 aiptalinnt
1063 2085 1246 2137 nostrorum

229 2169 331 2235 studia
350 2170 571 2233 excitabimus:
591 2183 627 2234 tu
645 2184 811 2236 veteranus
832 2173 910 2252 iant,
931 2186 962 2235 ct
977 2173 1113 2236 cruoritis
1126 2172 1247 2253 stipen-

230 2271 310 2345 diis,
331 2271 469 2350 spatioso
490 2273 551 2335 isto
572 2272 707 2336 decurso
727 2295 854 2354 campo,
875 2275 940 2335 aliis
962 2273 1108 2355 piraticum
1128 2294 1192 2353 ogo
1212 2274 1246 2336 iu

230 2373 311 2435 flore
341 2373 441 2434 adhuc
469 2383 501 2434 et
531 2373 723 2448 triunculus,
761 2374 793 2436 in
823 2395 946 2435 ornnctn
975 2372 1068 2435 facile
1096 2384 1248 2435 eventum

230 2472 372 2536 alacriter
392 2474 594 2537 contendens.
633 2475 728 2553 Quod
756 2474 800 2534 sic
828 2475 881 2533 alis
906 2486 936 2534 tc
962 2473 1060 2553 accipi
1080 2475 1173 2533 volo:
1204 2492 1247 2533 ne

230 2592 281 2633 me
300 2583 390 2652 putes
411 2584 527 2633 tantum
551 2573 673 2651 placcro
692 2574 784 2648 mihi,
816 2585 851 2635 ut
880 2594 991 2641 cortun
1022 2573 1054 2632 in
1081 2592 1248 2634 numerum

230 2670 377 2732 invadam
395 2671 596 2748 temerarius,
618 2675 671 2755 «μή
688 2676 875 2753 locupletare
895 2677 948 2735 has
968 2674 1051 2752 rtpnd
1070 2673 1249 2733 Germanos

229 2771 353 2849 linguas
372 2783 522 2850 possunt3
556 2774 612 2835 scd
640 2774 693 2855 qni
716 2773 789 2835 milti
810 2794 872 2834 non
899 2773 1042 2851 ineptus,
1071 2791 1131 2833 nec
1159 2772 1248 2833 infit·-

232 2869 385 2934 missimus
405 2872 580 2935 istiusmodi
606 2872 751 2936 factionis
771 2872 952 2951 persecutor
977 2873 1105 2933 videor:
1136 2881 1171 2932 nt
1190 2882 1250 2932 tuo

220 2981 325 3054 atquc.
355 2972 486 3034 aliorum
515 2972 678 3053 prasidio,
712 2973 867 3051 impulsis,
909 2972 965 3053 qni
996 2972 1117 3050 optime
1144 2970 1250 3051 frugis

230 3082 402 3137 sementem
432 3073 523 3135 nobis
554 3075 745 3154 depascunt,
779 3072 829 3134 isti
862 3071 1028 3153 aliqnando
1060 3070 1252 3151 proveniant

230 3173 366 3244 lrnctus,
395 3193 532 3252 quornm
550 3173 708 3234 doctiores
728 3195 785 3235 ros
806 3175 922 3233 cultum
943 3171 1014 3231 hnic
1034 3170 1138 3248 patriae
1157 3169 1250 3232 inre·

231 3269 319 3344 tritis,
339 3291 398 3331 nec
418 3271 451 3330 in
469 3272 563 3333 rilem
580 3272 731 3333 labrusatn
751 3274 830 3332 lianc
849 3271 946 3332 sinitis
966 3270 1089 3331 vincam
1108 3271 1250 3351 degene-

181 3382 185 3387 '
231 3390 319 3444 rare,
340 3371 396 3432 sed
413 3369 633 3448 repastinando
649 3368 802 3450 politioris
823 3371 989 3431 literaturae
1013 3391 1107 3447 agro,
1128 3370 1250 3434 nullum

232 3470 387 3544 laborem,
418 3490 453 3529 ac
472 3470 589 3530 nullum
613 3470 692 3531 adco
711 3470 869 3531 fastidium
888 3469 1121 3550 subterfugitis,
1152 3468 1186 3529 in
1203 3486 1250 3530 ’eo

233 3570 368 3634 solicitis
387 3569 530 3652 agricolao
552 3569 655 3630 oilicio
672 3569 786 3645 iuncti,
807 3568 963 3650 diligentis
978 3568 1148 3632 vineatoris
1166 3587 1250 3647 opus

233 3671 403 3745 iacientes,
445 3691 511 3731 non
538 3669 605 3731 sine
634 3670 759 3743 fructu,
793 3680 830 3731 ut
859 3668 1012 3735 ridemus.
1061 3667 1187 3747 Quippe
1213 3678 1252 3729 ut

232 3783 333 3834 totum
361 3770 449 3849 iuxta
469 3771 633 3845 Rhenum,
666 3772 844 3831 Graecarum
871 3767 989 3847 pariter
1014 3787 1048 3828 ac
1067 3767 1252 3831 Latinarum

234 3871 412 3934 eruditione
441 3870 599 3932 literarum
636 3871 778 3933 conserit
806 3871 971 3941 Erasmus,
1011 3880 1043 3927 et
1069 3868 1253 3930 universam

235 3969 419 4034 inferiorem
441 3968 656 4043 Geminum,
688 3968 827 4030 excitatis
848 3954 1001 4048 ingeniis,
1033 3969 1124 4027 talem
1143 3967 1252 4029 reddi-

235 4070 297 4144 dit,
327 4080 362 4132 nt
381 4089 450 4130 cnm
470 4067 537 4147 ipsa
562 4066 624 4147 jam
656 4069 742 4130 ltalia
767 4070 883 4128 nullum
909 4068 998 4128 valde
1018 4077 1174 4127 certamen
1195 4067 1253 4128 de·

155 4168 161 4183 ’
236 4178 365 4231 trectetr
395 4178 426 4229 et
445 4177 480 4228 ut
500 4165 647 4230 Sueviarn
666 4189 753 4232 suam
772 4166 928 4240 excoluit,
956 4177 986 4226 et
1004 4168 1065 4228 hoc
1084 4167 1254 4232 exornatit

238 4287 429 4309 ff

274 4368 306 4437 ⁴)
324 4380 495 4433 turbatorum:
515 4371 668 4441 supprimant.
