2632 5086
137 750 208 821 480
388 742 494 817 Trina
516 742 685 818 Romana
707 744 894 845 Dialogus.

137 938 256 1003 doloris
286 959 383 1000 sensu
415 935 573 1012 amittant,
610 946 886 1022 torqueanturque
917 960 955 1003 ea
991 958 1092 1020 super
1123 960 1159 1001 re

136 1038 320 1103 miserrime.
371 1038 467 1119 Quod
494 1035 521 1097 si
549 1034 721 1100 adfuissem
752 1039 898 1102 morienti
924 1041 991 1116 iiii,
1034 1043 1161 1108 toeutos

137 1143 271 1204 fortasse
300 1136 596 1219 adprehendissent,
637 1148 691 1200 aut
719 1159 841 1216 arcam,
879 1141 1163 1226 insonuissemque

138 1241 321 1304 concutiens
347 1237 509 1300 morientis
531 1236 660 1300 niuibus
688 1239 729 1300 ad
757 1252 933 1305 extremum
956 1266 1063 1328 usque
1092 1243 1163 1326 ejus

137 1343 292 1427 spiritum.
322 1342 459 1401 'faunum
480 1337 586 1412 abest,
605 1337 752 1403 misertus
771 1352 807 1404 ut
824 1341 963 1405 fuissem.

560 1438 728 1500 Hutteu.

214 1542 313 1604 Recte
337 1539 397 1613 ais,
418 1556 523 1619 neque
543 1558 607 1621 ego
631 1539 714 1601 aliud
732 1539 894 1618 fecissem,
922 1562 1165 1625 provocassem·

139 1663 202 1730 que
222 1641 356 1706 bominis
376 1637 540 1701 amentiam
562 1639 665 1702 modis
688 1639 844 1705 ournibus.

555 1739 747 1801 Eruhoid.

216 1842 262 1907 lta
280 1863 378 1918 vero,
399 1842 457 1907 sed
476 1843 555 1926 quid
573 1841 716 1904 molestia
735 1841 851 1904 adfecit
873 1843 929 1905 te?

575 1943 741 2003 liutten.

217 2043 315 2124 Quod
340 2040 523 2106 Cornelium
551 2042 694 2103 Tacitum
720 2040 902 2104 historicum
926 2040 1014 2103 libris
1040 2053 1169 2105 auctum

141 2165 241 2224 nuper
268 2144 430 2225 quinque,
459 2159 491 2205 et
511 2144 621 2205 nome
643 2138 725 2220 typis
748 2162 918 2215 excusum,
947 2160 1020 2201 curn
1039 2140 1169 2204 librario

142 2242 384 2306 describendum
404 2243 528 2317 darem,
551 2242 678 2325 negavit
693 2241 811 2303 audere
829 2262 881 2315 se,
901 2240 974 2322 quia
990 2241 1116 2305 Leonis
1128 2244 1171 2303 X.

142 2344 226 2408 bulla
245 2353 370 2406 cautum
390 2338 449 2418 sit,
468 2341 582 2426 nequis
602 2362 675 2403 eum
693 2341 801 2404 denuo
821 2341 957 2404 excudat
979 2341 1173 2405 decennium

142 2447 234 2509 intra.

565 2543 761 2605 Eruhoid.

220 2640 355 2704 Tamdiu
378 2641 524 2703 Tacitum
542 2661 609 2703 nou
629 2645 713 2722 leget
728 2643 895 2703 Germania
907 2646 1097 2722 praesertim,
1118 2648 1176 2730 qni

143 2745 254 2807 Romae
271 2742 490 2817 excuduntur,
508 2761 577 2804 cum
590 2743 747 2806 rarissime
763 2742 821 2803 hirc
837 2743 1032 2806 advehuntur
1047 2745 1147 2808 fibri?

567 2843 748 2906 Hutten.

226 2944 301 3007 Hoc
328 2960 380 3004 me
413 2941 478 3005 urit
515 2941 633 3006 seilicet
669 2943 810 3006 omnium
850 2944 1008 3024 primum
1057 2945 1177 3010 deiude

147 3045 235 3130 quod
264 3041 527 3124 asuperstitione
553 3043 680 3105 avocari
702 3055 828 3106 nostros
855 3042 997 3106 homiues
1022 3044 1071 3107 sie
1094 3067 1180 3128 egre

146 3144 323 3229 contingit,
357 3140 563 3215 arbitrantes,
595 3144 765 3227 quicquam
792 3146 832 3206 ad
857 3165 891 3206 se
920 3145 1083 3224 pertinere
1112 3168 1182 3211 eam

146 3248 283 3319 bullam,
323 3264 393 3326 quus
422 3241 462 3303 ab
491 3243 675 3306 excoieudis
704 3245 856 3327 ingeniis,
896 3255 928 3304 et
959 3248 1177 3326 provehendis

148 3345 243 3409 literis
260 3352 393 3405 autreat..
419 3342 525 3420 Quare
543 3342 583 3404 ab
599 3342 651 3404 iiio
669 3346 818 3407 credente
838 3344 864 3407 si
879 3346 954 3406 mibi
973 3346 1181 3429 obsequatur,

149 3457 180 3510 et
217 3439 366 3508 studiosis
405 3441 552 3503 omnibus
587 3454 709 3523 gratiam
746 3444 840 3507 faciat
877 3447 979 3508 statim
1018 3451 1183 3512 anathema

149 3564 287 3621 essese,
309 3551 511 3623 percontatus
532 3562 623 3603 sum:
652 3543 755 3625 siquis
781 3545 908 3628 iniquus
928 3549 1008 3609 adeo
1032 3550 1185 3627 pontifex

151 3649 235 3701 vetet
255 3639 289 3700 iu
305 3641 474 3703 Germania
497 3640 605 3704 vineas
624 3643 704 3718 coli,
733 3646 785 3706 vei
806 3667 918 3708 nurum
938 3645 1127 3729 inquirere,
1153 3661 1186 3712 et

149 3739 407 3803 execrationibus
439 3740 513 3804 inde
532 3758 671 3818 ⁴arceat,
707 3745 860 3829 numquid
885 3766 999 3829 aquam
1026 3747 1185 3811 bibituros

117 3836 119 3840 ⁴
150 3840 199 3900 hic
227 3840 371 3902 homines
399 3852 506 3921 putet,
545 3851 579 3903 et
607 3843 773 3921 peerrniam
802 3845 1013 3925 objecturos?
1054 3851 1187 3933 negavit

150 3938 315 4002 facturos.
356 3943 461 4017 Tum,
490 3941 642 4017 iriquum,
675 3943 702 4005 si
726 3944 831 4009 literas
850 3946 980 4030 aliquis,
1011 3968 1081 4012 rem
1098 3972 1189 4031 auro,

152 4058 188 4101 ae
213 4039 295 4100 vino
321 4038 615 4105 desiderabiliorem
628 4046 743 4119 mutto,
773 4044 867 4109 nobis
886 4045 1041 4124 invideat,
1062 4069 1190 4116 eum.

42 4206 49 4219 .
152 4158 216 4222 que
240 4139 348 4200 studio
372 4136 519 4203 omnibus
535 4138 724 4218 inordinat,
760 4158 865 4209 utrum
891 4157 979 4225 putet
1001 4151 1191 4215 suavitatem

147 4257 220 4301 eam
257 4237 445 4303 dimissuros
476 4256 558 4317 nos,
595 4258 639 4305 m
676 4262 792 4328 magno
831 4264 903 4307 cum
940 4245 1054 4308 doiore
1095 4251 1191 4314 brevi

153 4338 328 4418 apostolico
353 4334 601 4403 ractsnatursst
640 4328 735 4421 ¹Hoc,
762 4345 824 4420 ait,
844 4345 996 4409 futurum.
1036 4349 1128 4431 Quid
1148 4364 1193 4429 tu,
