<?xml version="1.0" encoding="UTF-8"?>
<!DOCTYPE html PUBLIC "-//W3C//DTD XHTML 1.0 Transitional//EN"
    "http://www.w3.org/TR/xhtml1/DTD/xhtml1-transitional.dtd">
<html xmlns="http://www.w3.org/1999/xhtml" xml:lang="en" lang="en">
 <head>
  <title>
</title>
<meta http-equiv="Content-Type" content="text/html;charset=utf-8" />
  <meta name='ocr-system' content='tesseract 3.04.00' />
  <meta name='ocr-capabilities' content='ocr_page ocr_carea ocr_par ocr_line ocrx_word'/>
</head>
<body>
  <div class='ocr_page' id='page_1' title='image "./ulrichiabhutten02mngoog_0176.png"; bbox 0 0 2632 5086; ppageno 0'>
   <div class='ocr_carea' id='block_1_1' title="bbox 140 763 975 863">
    <p class='ocr_par' dir='ltr' id='par_1_1' title="bbox 140 763 975 863">
     <span class='ocr_line' id='line_1_1' title="bbox 140 763 975 863; baseline -0.002 -22"><span class='ocrx_word' id='word_1_1' title='bbox 140 774 205 845; x_wconf 81' lang='lat' dir='ltr'>too</span> <span class='ocrx_word' id='word_1_2' title='bbox 310 766 353 840; x_wconf 93' lang='lat' dir='ltr'>In</span> <span class='ocrx_word' id='word_1_3' title='bbox 377 763 565 840; x_wconf 83' lang='lat' dir='ltr'>Ulrictunn</span> <span class='ocrx_word' id='word_1_4' title='bbox 589 764 975 863; x_wconf 84' lang='lat' dir='ltr'>Wiirtcnbergensem</span> 
     </span>
    </p>
   </div>
   <div class='ocr_carea' id='block_1_2' title="bbox 67 956 1165 1645">
    <p class='ocr_par' dir='ltr' id='par_1_2' title="bbox 67 956 1165 1645">
     <span class='ocr_line' id='line_1_2' title="bbox 134 956 1165 1046; baseline -0.008 -19"><span class='ocrx_word' id='word_1_5' title='bbox 134 964 180 1029; x_wconf 80' lang='lat' dir='ltr'>iu</span> <span class='ocrx_word' id='word_1_6' title='bbox 195 980 387 1046; x_wconf 77' lang='lat' dir='ltr'>mremqnum</span> <span class='ocrx_word' id='word_1_7' title='bbox 405 981 466 1034; x_wconf 85' lang='lat' dir='ltr'>es,</span> <span class='ocrx_word' id='word_1_8' title='bbox 501 978 573 1042; x_wconf 73' lang='lat' dir='ltr'>qne</span> <span class='ocrx_word' id='word_1_9' title='bbox 589 976 676 1021; x_wconf 89' lang='lat' dir='ltr'>nunc</span> <span class='ocrx_word' id='word_1_10' title='bbox 690 956 765 1021; x_wconf 87' lang='lat' dir='ltr'>dico</span> <span class='ocrx_word' id='word_1_11' title='bbox 784 956 930 1039; x_wconf 71' lang='lat' dir='ltr'>accipere</span> <span class='ocrx_word' id='word_1_12' title='bbox 946 958 1043 1032; x_wconf 80' lang='lat' dir='ltr'>voto,</span> <span class='ocrx_word' id='word_1_13' title='bbox 1069 957 1165 1040; x_wconf 70' lang='lat' dir='ltr'>quiesi</span> 
     </span>
     <span class='ocr_line' id='line_1_3' title="bbox 67 1058 1165 1149; baseline -0.005 -20"><span class='ocrx_word' id='word_1_14' title='bbox 67 1136 74 1149; x_wconf 55' lang='grc'><strong><em>,</em></strong></span> <span class='ocrx_word' id='word_1_15' title='bbox 135 1076 248 1129; x_wconf 86' lang='lat' dir='ltr'>nostro</span> <span class='ocrx_word' id='word_1_16' title='bbox 279 1061 432 1135; x_wconf 85' lang='lat' dir='ltr'>nomine,</span> <span class='ocrx_word' id='word_1_17' title='bbox 472 1070 505 1123; x_wconf 89' lang='lat' dir='ltr'>et</span> <span class='ocrx_word' id='word_1_18' title='bbox 537 1058 659 1140; x_wconf 80' lang='lat' dir='ltr'>privetu</span> <span class='ocrx_word' id='word_1_19' title='bbox 690 1078 733 1120; x_wconf 85' lang='lat' dir='ltr'>ex</span> <span class='ocrx_word' id='word_1_20' title='bbox 766 1059 982 1121; x_wconf 86' lang='lat' dir='ltr'>Huttenorum</span> <span class='ocrx_word' id='word_1_21' title='bbox 1020 1058 1165 1123; x_wconf 78' lang='lat' dir='ltr'>vindicte</span> 
     </span>
     <span class='ocr_line' id='line_1_4' title="bbox 135 1157 1163 1250; baseline -0.004 -23"><span class='ocrx_word' id='word_1_22' title='bbox 135 1166 291 1250; x_wconf 74' lang='lat' dir='ltr'>gairdoam</span> <span class='ocrx_word' id='word_1_23' title='bbox 324 1163 401 1237; x_wconf 80' lang='lat' dir='ltr'>vel,</span> <span class='ocrx_word' id='word_1_24' title='bbox 423 1160 457 1236; x_wconf 63' lang='lat'>⁶)</span> <span class='ocrx_word' id='word_1_25' title='bbox 495 1158 698 1223; x_wconf 78' lang='lat' dir='ltr'><strong>domesticam</strong></span> <span class='ocrx_word' id='word_1_26' title='bbox 732 1158 777 1221; x_wconf 93' lang='lat' dir='ltr'>ob</span> <span class='ocrx_word' id='word_1_27' title='bbox 809 1157 971 1223; x_wconf 76' lang='lat' dir='ltr'>fortunam</span> <span class='ocrx_word' id='word_1_28' title='bbox 1007 1162 1163 1224; x_wconf 83' lang='lat' dir='ltr'>exultem.</span> 
     </span>
     <span class='ocr_line' id='line_1_5' title="bbox 137 1258 1163 1334; baseline -0.003 -7"><span class='ocrx_word' id='word_1_29' title='bbox 137 1268 231 1327; x_wconf 88' lang='lat' dir='ltr'>&#39;l&#39;unc</span> <span class='ocrx_word' id='word_1_30' title='bbox 256 1262 451 1326; x_wconf 81' lang='lat' dir='ltr'>setisiactum</span> <span class='ocrx_word' id='word_1_31' title='bbox 474 1259 568 1322; x_wconf 84' lang='lat' dir='ltr'>nobis</span> <span class='ocrx_word' id='word_1_32' title='bbox 590 1259 674 1323; x_wconf 90' lang='lat' dir='ltr'>enim</span> <span class='ocrx_word' id='word_1_33' title='bbox 691 1258 813 1334; x_wconf 76' lang='lat' dir='ltr'>isserat,</span> <span class='ocrx_word' id='word_1_34' title='bbox 842 1279 916 1325; x_wconf 86' lang='lat' dir='ltr'>cnm</span> <span class='ocrx_word' id='word_1_35' title='bbox 937 1258 971 1321; x_wconf 93' lang='lat' dir='ltr'>in</span> <span class='ocrx_word' id='word_1_36' title='bbox 990 1259 1044 1321; x_wconf 86' lang='lat' dir='ltr'>ttto</span> <span class='ocrx_word' id='word_1_37' title='bbox 1062 1261 1163 1324; x_wconf 87' lang='lat' dir='ltr'>totius</span> 
     </span>
     <span class='ocr_line' id='line_1_6' title="bbox 135 1359 1164 1443; baseline -0.005 -14"><span class='ocrx_word' id='word_1_38' title='bbox 135 1364 311 1429; x_wconf 76' lang='lat' dir='ltr'>Gemnsuioe</span> <span class='ocrx_word' id='word_1_39' title='bbox 328 1360 483 1435; x_wconf 86' lang='lat' dir='ltr'>concilio,</span> <span class='ocrx_word' id='word_1_40' title='bbox 505 1360 541 1425; x_wconf 89' lang='lat' dir='ltr'>in</span> <span class='ocrx_word' id='word_1_41' title='bbox 556 1360 610 1423; x_wconf 85' lang='lat' dir='ltr'>itto</span> <span class='ocrx_word' id='word_1_42' title='bbox 626 1359 870 1425; x_wconf 82' lang='lat' dir='ltr'>clarissimorum</span> <span class='ocrx_word' id='word_1_43' title='bbox 887 1359 1067 1443; x_wconf 83' lang='lat' dir='ltr'>principum</span> <span class='ocrx_word' id='word_1_44' title='bbox 1083 1382 1164 1424; x_wconf 89' lang='lat' dir='ltr'>con-</span> 
     </span>
     <span class='ocr_line' id='line_1_7' title="bbox 134 1460 1165 1543; baseline -0.002 -15"><span class='ocrx_word' id='word_1_45' title='bbox 134 1485 223 1528; x_wconf 84' lang='lat' dir='ltr'>sessu</span> <span class='ocrx_word' id='word_1_46' title='bbox 248 1463 336 1526; x_wconf 88' lang='lat' dir='ltr'>orbis</span> <span class='ocrx_word' id='word_1_47' title='bbox 357 1473 448 1524; x_wconf 84' lang='lat' dir='ltr'>terrae</span> <span class='ocrx_word' id='word_1_48' title='bbox 472 1460 643 1541; x_wconf 77' lang='lat' dir='ltr'>imperator</span> <span class='ocrx_word' id='word_1_49' title='bbox 672 1460 908 1524; x_wconf 80' lang='lat' dir='ltr'>Maximiiisnus</span> <span class='ocrx_word' id='word_1_50' title='bbox 935 1482 1006 1525; x_wconf 79' lang='lat' dir='ltr'>eum</span> <span class='ocrx_word' id='word_1_51' title='bbox 1034 1463 1165 1543; x_wconf 82' lang='lat' dir='ltr'>publice</span> 
     </span>
     <span class='ocr_line' id='line_1_8' title="bbox 134 1561 1162 1645; baseline -0.004 -14"><span class='ocrx_word' id='word_1_52' title='bbox 134 1564 323 1631; x_wconf 82' lang='lat' dir='ltr'>sententium</span> <span class='ocrx_word' id='word_1_53' title='bbox 348 1561 442 1638; x_wconf 77' lang='lat' dir='ltr'>tutis,</span> <span class='ocrx_word' id='word_1_54' title='bbox 477 1582 541 1644; x_wconf 82' lang='lat' dir='ltr'>qun</span> <span class='ocrx_word' id='word_1_55' title='bbox 569 1561 622 1623; x_wconf 78' lang='lat' dir='ltr'>itte</span> <span class='ocrx_word' id='word_1_56' title='bbox 651 1561 695 1623; x_wconf 80' lang='lat' dir='ltr'>ita</span> <span class='ocrx_word' id='word_1_57' title='bbox 720 1561 894 1637; x_wconf 75' lang='lat' dir='ltr'>sauciatus,</span> <span class='ocrx_word' id='word_1_58' title='bbox 924 1561 967 1626; x_wconf 82' lang='lat' dir='ltr'>ite</span> <span class='ocrx_word' id='word_1_59' title='bbox 995 1562 1162 1645; x_wconf 72' lang='lat' dir='ltr'>perfossus</span> 
     </span>
    </p>
   </div>
   <div class='ocr_carea' id='block_1_3' title="bbox 20 1662 1163 1746">
    <p class='ocr_par' dir='ltr' id='par_1_3' title="bbox 20 1662 1163 1746">
     <span class='ocr_line' id='line_1_9' title="bbox 20 1662 1163 1746; baseline -0.004 -14"><span class='ocrx_word' id='word_1_60' title='bbox 20 1666 27 1677; x_wconf 81' lang='grc'><strong><em>’</em></strong></span> <span class='ocrx_word' id='word_1_61' title='bbox 134 1677 197 1742; x_wconf 84' lang='lat' dir='ltr'>est,</span> <span class='ocrx_word' id='word_1_62' title='bbox 225 1676 260 1726; x_wconf 90' lang='lat' dir='ltr'>ut</span> <span class='ocrx_word' id='word_1_63' title='bbox 282 1662 381 1746; x_wconf 77' lang='lat' dir='ltr'>magis</span> <span class='ocrx_word' id='word_1_64' title='bbox 404 1662 530 1745; x_wconf 79' lang='lat' dir='ltr'><strong>frangi,</strong></span> <span class='ocrx_word' id='word_1_65' title='bbox 557 1662 656 1744; x_wconf 80' lang='lat' dir='ltr'>magis</span> <span class='ocrx_word' id='word_1_66' title='bbox 684 1662 819 1726; x_wconf 74' lang='lat' dir='ltr'>interimi</span> <span class='ocrx_word' id='word_1_67' title='bbox 838 1684 903 1725; x_wconf 88' lang='lat' dir='ltr'>non</span> <span class='ocrx_word' id='word_1_68' title='bbox 924 1674 1049 1745; x_wconf 83' lang='lat' dir='ltr'>posset,</span> <span class='ocrx_word' id='word_1_69' title='bbox 1073 1674 1163 1741; x_wconf 79' lang='lat' dir='ltr'>ttrnc,</span> 
     </span>
    </p>
   </div>
   <div class='ocr_carea' id='block_1_4' title="bbox 132 1763 1162 2251">
    <p class='ocr_par' dir='ltr' id='par_1_4' title="bbox 132 1763 1162 2251">
     <span class='ocr_line' id='line_1_10' title="bbox 133 1763 1162 1850; baseline -0.001 -20"><span class='ocrx_word' id='word_1_70' title='bbox 133 1766 288 1850; x_wconf 74' lang='lat' dir='ltr'>inquam,</span> <span class='ocrx_word' id='word_1_71' title='bbox 330 1763 403 1828; x_wconf 75' lang='lat' dir='ltr'>satis</span> <span class='ocrx_word' id='word_1_72' title='bbox 441 1782 605 1845; x_wconf 75' lang='lat' dir='ltr'><strong>superque</strong></span> <span class='ocrx_word' id='word_1_73' title='bbox 630 1763 782 1826; x_wconf 87' lang='lat' dir='ltr'>ultionem</span> <span class='ocrx_word' id='word_1_74' title='bbox 811 1765 1008 1827; x_wconf 73' lang='lat' dir='ltr'>contumeliae</span> <span class='ocrx_word' id='word_1_75' title='bbox 1043 1776 1162 1829; x_wconf 71' lang='lat' dir='ltr'>nostre</span> 
     </span>
     <span class='ocr_line' id='line_1_11' title="bbox 133 1863 1161 1951; baseline 0.001 -23"><span class='ocrx_word' id='word_1_76' title='bbox 133 1877 354 1951; x_wconf 84' lang='lat' dir='ltr'>prosecutum,</span> <span class='ocrx_word' id='word_1_77' title='bbox 373 1865 415 1926; x_wconf 85' lang='lat' dir='ltr'>de</span> <span class='ocrx_word' id='word_1_78' title='bbox 432 1863 487 1925; x_wconf 84' lang='lat' dir='ltr'>itio</span> <span class='ocrx_word' id='word_1_79' title='bbox 504 1884 627 1944; x_wconf 81' lang='lat' dir='ltr'>poenum</span> <span class='ocrx_word' id='word_1_80' title='bbox 644 1876 798 1944; x_wconf 81' lang='lat' dir='ltr'>sumptam</span> <span class='ocrx_word' id='word_1_81' title='bbox 815 1864 1009 1946; x_wconf 74' lang='lat' dir='ltr'>putavimus,</span> <span class='ocrx_word' id='word_1_82' title='bbox 1030 1866 1161 1949; x_wconf 80' lang='lat' dir='ltr'>qtisndo</span> 
     </span>
     <span class='ocr_line' id='line_1_12' title="bbox 133 1965 1161 2048; baseline 0 -17"><span class='ocrx_word' id='word_1_83' title='bbox 133 1970 165 2032; x_wconf 87' lang='lat' dir='ltr'>ei</span> <span class='ocrx_word' id='word_1_84' title='bbox 183 1966 309 2048; x_wconf 87' lang='lat' dir='ltr'>publico</span> <span class='ocrx_word' id='word_1_85' title='bbox 331 1965 451 2043; x_wconf 81' lang='lat' dir='ltr'>judicio</span> <span class='ocrx_word' id='word_1_86' title='bbox 469 1984 570 2048; x_wconf 74' lang='lat' dir='ltr'>equs,</span> <span class='ocrx_word' id='word_1_87' title='bbox 599 1965 681 2047; x_wconf 78' lang='lat' dir='ltr'>igni,</span> <span class='ocrx_word' id='word_1_88' title='bbox 701 1976 797 2048; x_wconf 80' lang='lat' dir='ltr'>etque</span> <span class='ocrx_word' id='word_1_89' title='bbox 814 1965 977 2029; x_wconf 87' lang='lat' dir='ltr'>hominum</span> <span class='ocrx_word' id='word_1_90' title='bbox 995 1967 1161 2031; x_wconf 79' lang='lat' dir='ltr'>consortio</span> 
     </span>
     <span class='ocr_line' id='line_1_13' title="bbox 132 2064 1161 2147; baseline -0.002 -16"><span class='ocrx_word' id='word_1_91' title='bbox 132 2067 334 2131; x_wconf 86' lang='lat' dir='ltr'>interdictum</span> <span class='ocrx_word' id='word_1_92' title='bbox 358 2077 422 2141; x_wconf 88' lang='lat' dir='ltr'>est,</span> <span class='ocrx_word' id='word_1_93' title='bbox 450 2064 519 2144; x_wconf 82' lang='lat' dir='ltr'>ipse</span> <span class='ocrx_word' id='word_1_94' title='bbox 545 2066 759 2147; x_wconf 85' lang='lat' dir='ltr'>proscriptus,</span> <span class='ocrx_word' id='word_1_95' title='bbox 793 2066 934 2128; x_wconf 89' lang='lat' dir='ltr'>omnium</span> <span class='ocrx_word' id='word_1_96' title='bbox 953 2064 1077 2146; x_wconf 74' lang='lat' dir='ltr'>injurie</span> <span class='ocrx_word' id='word_1_97' title='bbox 1101 2067 1161 2129; x_wconf 90' lang='lat' dir='ltr'>ob-</span> 
     </span>
     <span class='ocr_line' id='line_1_14' title="bbox 132 2164 1161 2251; baseline 0.004 -22"><span class='ocrx_word' id='word_1_98' title='bbox 132 2168 236 2247; x_wconf 82' lang='lat' dir='ltr'>jectus</span> <span class='ocrx_word' id='word_1_99' title='bbox 252 2178 319 2242; x_wconf 87' lang='lat' dir='ltr'>est,</span> <span class='ocrx_word' id='word_1_100' title='bbox 339 2164 593 2248; x_wconf 80' lang='lat' dir='ltr'>uniuscujusque</span> <span class='ocrx_word' id='word_1_101' title='bbox 603 2166 750 2245; x_wconf 75' lang='lat' dir='ltr'>potestati</span> <span class='ocrx_word' id='word_1_102' title='bbox 765 2166 926 2249; x_wconf 86' lang='lat' dir='ltr'>proditus,</span> <span class='ocrx_word' id='word_1_103' title='bbox 945 2165 995 2230; x_wconf 77' lang='lat' dir='ltr'>itta</span> <span class='ocrx_word' id='word_1_104' title='bbox 1007 2186 1161 2251; x_wconf 75' lang='lat' dir='ltr'>expressa</span> 
     </span>
    </p>
   </div>
   <div class='ocr_carea' id='block_1_5' title="bbox 18 2266 1163 2351">
    <p class='ocr_par' dir='ltr' id='par_1_5' title="bbox 18 2266 1163 2351">
     <span class='ocr_line' id='line_1_15' title="bbox 18 2266 1163 2351; baseline 0.003 -20"><span class='ocrx_word' id='word_1_105' title='bbox 18 2330 24 2343; x_wconf 70' lang='grc'><em>,</em></span> <span class='ocrx_word' id='word_1_106' title='bbox 51 2335 55 2343; x_wconf 62' lang='grc'><em>,</em></span> <span class='ocrx_word' id='word_1_107' title='bbox 131 2290 232 2351; x_wconf 78' lang='lat' dir='ltr'>poenes</span> <span class='ocrx_word' id='word_1_108' title='bbox 249 2288 360 2341; x_wconf 72' lang='lat' dir='ltr'>ceusu,</span> <span class='ocrx_word' id='word_1_109' title='bbox 381 2278 414 2327; x_wconf 87' lang='lat' dir='ltr'>et</span> <span class='ocrx_word' id='word_1_110' title='bbox 429 2277 496 2328; x_wconf 83' lang='lat' dir='ltr'>tots</span> <span class='ocrx_word' id='word_1_111' title='bbox 513 2287 574 2346; x_wconf 89' lang='lat' dir='ltr'>pro</span> <span class='ocrx_word' id='word_1_112' title='bbox 589 2266 738 2330; x_wconf 81' lang='lat' dir='ltr'>tribunali</span> <span class='ocrx_word' id='word_1_113' title='bbox 757 2268 911 2349; x_wconf 76' lang='lat' dir='ltr'>preconis</span> <span class='ocrx_word' id='word_1_114' title='bbox 930 2288 1013 2332; x_wconf 78' lang='lat' dir='ltr'>voce</span> <span class='ocrx_word' id='word_1_115' title='bbox 1031 2270 1163 2335; x_wconf 73' lang='lat' dir='ltr'>recitate</span> 
     </span>
    </p>
   </div>
   <div class='ocr_carea' id='block_1_6' title="bbox 55 2365 1160 4267">
    <p class='ocr_par' dir='ltr' id='par_1_6' title="bbox 55 2365 1160 2854">
     <span class='ocr_line' id='line_1_16' title="bbox 55 2365 1160 2453; baseline 0.004 -23"><span class='ocrx_word' id='word_1_116' title='bbox 55 2365 58 2369; x_wconf 80' lang='grc'>’</span> <span class='ocrx_word' id='word_1_117' title='bbox 131 2366 311 2431; x_wconf 84' lang='lat' dir='ltr'>Huttcnicss</span> <span class='ocrx_word' id='word_1_118' title='bbox 330 2366 508 2433; x_wconf 77' lang='lat' dir='ltr'>calamitatis</span> <span class='ocrx_word' id='word_1_119' title='bbox 524 2366 663 2429; x_wconf 81' lang='lat' dir='ltr'>historia.</span> <span class='ocrx_word' id='word_1_120' title='bbox 702 2366 862 2448; x_wconf 78' lang='lat' dir='ltr'>Qtremob</span> <span class='ocrx_word' id='word_1_121' title='bbox 875 2388 943 2431; x_wconf 83' lang='lat' dir='ltr'>rem</span> <span class='ocrx_word' id='word_1_122' title='bbox 960 2390 1030 2453; x_wconf 79' lang='lat' dir='ltr'>qne</span> <span class='ocrx_word' id='word_1_123' title='bbox 1042 2370 1160 2434; x_wconf 82' lang='lat' dir='ltr'>deinde</span> 
     </span>
     <span class='ocr_line' id='line_1_17' title="bbox 71 2466 1160 2551; baseline 0.002 -20"><span class='ocrx_word' id='word_1_124' title='bbox 71 2466 101 2505; x_wconf 53' lang='lat'>3</span> <span class='ocrx_word' id='word_1_125' title='bbox 132 2490 228 2533; x_wconf 76' lang='lat' dir='ltr'>ausus</span> <span class='ocrx_word' id='word_1_126' title='bbox 251 2478 298 2531; x_wconf 86' lang='lat' dir='ltr'>est</span> <span class='ocrx_word' id='word_1_127' title='bbox 320 2468 391 2543; x_wconf 80' lang='lat' dir='ltr'>itte,</span> <span class='ocrx_word' id='word_1_128' title='bbox 421 2467 477 2551; x_wconf 80' lang='lat' dir='ltr'>qui</span> <span class='ocrx_word' id='word_1_129' title='bbox 496 2487 514 2529; x_wconf 78' lang='lat' dir='ltr'><strong>a</strong></span> <span class='ocrx_word' id='word_1_130' title='bbox 535 2467 667 2546; x_wconf 86' lang='lat' dir='ltr'>publico</span> <span class='ocrx_word' id='word_1_131' title='bbox 694 2468 799 2531; x_wconf 79' lang='lat' dir='ltr'>omnia</span> <span class='ocrx_word' id='word_1_132' title='bbox 820 2467 963 2551; x_wconf 80' lang='lat' dir='ltr'>periculo</span> <span class='ocrx_word' id='word_1_133' title='bbox 986 2471 1160 2537; x_wconf 79' lang='lat' dir='ltr'>censeban-</span> 
     </span>
     <span class='ocr_line' id='line_1_18' title="bbox 131 2567 1160 2655; baseline 0.001 -24"><span class='ocrx_word' id='word_1_134' title='bbox 131 2580 200 2644; x_wconf 86' lang='lat' dir='ltr'>tur,</span> <span class='ocrx_word' id='word_1_135' title='bbox 222 2578 257 2629; x_wconf 84' lang='lat' dir='ltr'>ut</span> <span class='ocrx_word' id='word_1_136' title='bbox 275 2568 450 2647; x_wconf 85' lang='lat' dir='ltr'>publicum,</span> <span class='ocrx_word' id='word_1_137' title='bbox 471 2578 504 2630; x_wconf 90' lang='lat' dir='ltr'>et</span> <span class='ocrx_word' id='word_1_138' title='bbox 521 2567 617 2628; x_wconf 92' lang='lat' dir='ltr'>totius</span> <span class='ocrx_word' id='word_1_139' title='bbox 640 2568 815 2631; x_wconf 72' lang='lat' dir='ltr'>Gomnnnite</span> <span class='ocrx_word' id='word_1_140' title='bbox 832 2590 975 2644; x_wconf 73' lang='lat' dir='ltr'>causam,</span> <span class='ocrx_word' id='word_1_141' title='bbox 996 2572 1160 2655; x_wconf 84' lang='lat' dir='ltr'>totiusque</span> 
     </span>
     <span class='ocr_line' id='line_1_19' title="bbox 130 2666 1158 2754; baseline 0.002 -24"><span class='ocrx_word' id='word_1_142' title='bbox 130 2667 254 2747; x_wconf 87' lang='lat' dir='ltr'>imperii</span> <span class='ocrx_word' id='word_1_143' title='bbox 266 2666 451 2747; x_wconf 82' lang='lat' dir='ltr'>negotium,</span> <span class='ocrx_word' id='word_1_144' title='bbox 472 2687 544 2731; x_wconf 91' lang='lat' dir='ltr'>cum</span> <span class='ocrx_word' id='word_1_145' title='bbox 557 2667 624 2733; x_wconf 83' lang='lat' dir='ltr'>aliis</span> <span class='ocrx_word' id='word_1_146' title='bbox 641 2673 703 2730; x_wconf 74' lang='lat' dir='ltr'>unt</span> <span class='ocrx_word' id='word_1_147' title='bbox 720 2669 878 2750; x_wconf 78' lang='lat' dir='ltr'>persecuti</span> <span class='ocrx_word' id='word_1_148' title='bbox 890 2691 1009 2733; x_wconf 87' lang='lat' dir='ltr'>sumus.</span> <span class='ocrx_word' id='word_1_149' title='bbox 1049 2669 1158 2754; x_wconf 78' lang='lat' dir='ltr'>Atque</span> 
     </span>
     <span class='ocr_line' id='line_1_20' title="bbox 130 2765 1159 2854; baseline 0.005 -27"><span class='ocrx_word' id='word_1_150' title='bbox 130 2765 164 2829; x_wconf 86' lang='lat' dir='ltr'>id</span> <span class='ocrx_word' id='word_1_151' title='bbox 180 2786 267 2827; x_wconf 90' lang='lat' dir='ltr'>nunc</span> <span class='ocrx_word' id='word_1_152' title='bbox 280 2767 448 2831; x_wconf 79' lang='lat' dir='ltr'>vobiscum</span> <span class='ocrx_word' id='word_1_153' title='bbox 460 2771 587 2845; x_wconf 78' lang='lat' dir='ltr'>exulto,</span> <span class='ocrx_word' id='word_1_154' title='bbox 606 2768 772 2831; x_wconf 87' lang='lat' dir='ltr'>vobiscum</span> <span class='ocrx_word' id='word_1_155' title='bbox 787 2769 966 2852; x_wconf 84' lang='lat' dir='ltr'>triumpho,</span> <span class='ocrx_word' id='word_1_156' title='bbox 986 2790 1053 2833; x_wconf 88' lang='lat' dir='ltr'>non</span> <span class='ocrx_word' id='word_1_157' title='bbox 1069 2770 1159 2854; x_wconf 83' lang='lat' dir='ltr'>quod</span> 
     </span>
    </p>

    <p class='ocr_par' dir='ltr' id='par_1_7' title="bbox 89 2866 1160 4267">
     <span class='ocr_line' id='line_1_21' title="bbox 130 2866 1158 2952; baseline 0.002 -21"><span class='ocrx_word' id='word_1_158' title='bbox 130 2867 292 2931; x_wconf 89' lang='lat' dir='ltr'>inimicum</span> <span class='ocrx_word' id='word_1_159' title='bbox 315 2866 458 2945; x_wconf 72' lang='lat' dir='ltr'>familie,</span> <span class='ocrx_word' id='word_1_160' title='bbox 493 2890 530 2931; x_wconf 83' lang='lat' dir='ltr'>sc</span> <span class='ocrx_word' id='word_1_161' title='bbox 550 2870 687 2932; x_wconf 87' lang='lat' dir='ltr'>nominis</span> <span class='ocrx_word' id='word_1_162' title='bbox 708 2871 771 2933; x_wconf 92' lang='lat' dir='ltr'>mei</span> <span class='ocrx_word' id='word_1_163' title='bbox 796 2873 980 2952; x_wconf 84' lang='lat' dir='ltr'>expulsum,</span> <span class='ocrx_word' id='word_1_164' title='bbox 1008 2868 1158 2952; x_wconf 85' lang='lat' dir='ltr'>ejectum,</span> 
     </span>
     <span class='ocr_line' id='line_1_22' title="bbox 89 2955 1157 3054; baseline 0.001 -22"><span class='ocrx_word' id='word_1_165' title='bbox 89 2955 93 2962; x_wconf 40' lang='lat'>⁵</span> <span class='ocrx_word' id='word_1_166' title='bbox 129 2980 163 3037; x_wconf 85' lang='lat' dir='ltr'>et</span> <span class='ocrx_word' id='word_1_167' title='bbox 189 2969 457 3046; x_wconf 82' lang='lat' dir='ltr'>extenninstum,</span> <span class='ocrx_word' id='word_1_168' title='bbox 495 2992 676 3054; x_wconf 78' lang='lat' dir='ltr'>quanquam</span> <span class='ocrx_word' id='word_1_169' title='bbox 710 2983 742 3034; x_wconf 88' lang='lat' dir='ltr'>et</span> <span class='ocrx_word' id='word_1_170' title='bbox 771 2970 875 3051; x_wconf 87' lang='lat' dir='ltr'>ipsum</span> <span class='ocrx_word' id='word_1_171' title='bbox 908 2973 970 3034; x_wconf 86' lang='lat' dir='ltr'>imo</span> <span class='ocrx_word' id='word_1_172' title='bbox 1001 2972 1157 3051; x_wconf 76' lang='lat' dir='ltr'>voluptati</span> 
     </span>
     <span class='ocr_line' id='line_1_23' title="bbox 128 3070 1159 3148; baseline 0 -13"><span class='ocrx_word' id='word_1_173' title='bbox 128 3070 265 3136; x_wconf 69' lang='lat' dir='ltr'>maxime</span> <span class='ocrx_word' id='word_1_174' title='bbox 288 3084 353 3148; x_wconf 91' lang='lat' dir='ltr'>est,</span> <span class='ocrx_word' id='word_1_175' title='bbox 381 3092 447 3134; x_wconf 87' lang='lat' dir='ltr'>non</span> <span class='ocrx_word' id='word_1_176' title='bbox 473 3070 603 3134; x_wconf 92' lang='lat' dir='ltr'>omnino</span> <span class='ocrx_word' id='word_1_177' title='bbox 624 3082 727 3135; x_wconf 83' lang='lat' dir='ltr'>temen</span> <span class='ocrx_word' id='word_1_178' title='bbox 753 3073 833 3132; x_wconf 83' lang='lat' dir='ltr'>hanc</span> <span class='ocrx_word' id='word_1_179' title='bbox 854 3072 899 3132; x_wconf 91' lang='lat' dir='ltr'>ob</span> <span class='ocrx_word' id='word_1_180' title='bbox 925 3091 1070 3147; x_wconf 70' lang='lat' dir='ltr'>causent,</span> <span class='ocrx_word' id='word_1_181' title='bbox 1102 3073 1159 3135; x_wconf 87' lang='lat' dir='ltr'>sed</span> 
     </span>
     <span class='ocr_line' id='line_1_24' title="bbox 129 3170 1158 3254; baseline 0.001 -20"><span class='ocrx_word' id='word_1_182' title='bbox 129 3173 218 3254; x_wconf 77' lang='lat' dir='ltr'>qttod</span> <span class='ocrx_word' id='word_1_183' title='bbox 242 3172 366 3235; x_wconf 76' lang='lat' dir='ltr'>subiato</span> <span class='ocrx_word' id='word_1_184' title='bbox 392 3192 411 3234; x_wconf 89' lang='lat' dir='ltr'>e</span> <span class='ocrx_word' id='word_1_185' title='bbox 437 3173 543 3234; x_wconf 90' lang='lat' dir='ltr'>medio</span> <span class='ocrx_word' id='word_1_186' title='bbox 568 3173 730 3234; x_wconf 80' lang='lat' dir='ltr'>turbarum</span> <span class='ocrx_word' id='word_1_187' title='bbox 757 3183 869 3235; x_wconf 79' lang='lat' dir='ltr'>autore</span> <span class='ocrx_word' id='word_1_188' title='bbox 893 3170 970 3234; x_wconf 81' lang='lat' dir='ltr'>ittud</span> <span class='ocrx_word' id='word_1_189' title='bbox 995 3170 1158 3235; x_wconf 79' lang='lat' dir='ltr'>inuectum</span> 
     </span>
     <span class='ocr_line' id='line_1_25' title="bbox 102 3271 1157 3353; baseline -0.002 -16"><span class='ocrx_word' id='word_1_190' title='bbox 102 3271 353 3353; x_wconf 53' lang='lat' dir='ltr'>‚barrquittum</span> <span class='ocrx_word' id='word_1_191' title='bbox 393 3274 473 3335; x_wconf 82' lang='lat' dir='ltr'>bunc</span> <span class='ocrx_word' id='word_1_192' title='bbox 505 3272 667 3335; x_wconf 82' lang='lat' dir='ltr'>reductum</span> <span class='ocrx_word' id='word_1_193' title='bbox 695 3273 894 3336; x_wconf 81' lang='lat' dir='ltr'>securitatem</span> <span class='ocrx_word' id='word_1_194' title='bbox 921 3271 1029 3336; x_wconf 85' lang='lat' dir='ltr'>video.</span> <span class='ocrx_word' id='word_1_195' title='bbox 1083 3274 1157 3335; x_wconf 87' lang='lat' dir='ltr'>Non</span> 
     </span>
     <span class='ocr_line' id='line_1_26' title="bbox 127 3369 1157 3458; baseline 0.003 -25"><span class='ocrx_word' id='word_1_196' title='bbox 127 3369 190 3453; x_wconf 74' lang='lat' dir='ltr'>jum</span> <span class='ocrx_word' id='word_1_197' title='bbox 208 3373 261 3433; x_wconf 83' lang='lat' dir='ltr'>iile</span> <span class='ocrx_word' id='word_1_198' title='bbox 282 3371 439 3434; x_wconf 83' lang='lat' dir='ltr'>internos</span> <span class='ocrx_word' id='word_1_199' title='bbox 458 3383 604 3435; x_wconf 83' lang='lat' dir='ltr'>versatur</span> <span class='ocrx_word' id='word_1_200' title='bbox 622 3373 721 3447; x_wconf 88' lang='lat' dir='ltr'>enim,</span> <span class='ocrx_word' id='word_1_201' title='bbox 750 3373 805 3457; x_wconf 86' lang='lat' dir='ltr'>qui</span> <span class='ocrx_word' id='word_1_202' title='bbox 827 3373 932 3436; x_wconf 88' lang='lat' dir='ltr'>donec</span> <span class='ocrx_word' id='word_1_203' title='bbox 951 3384 1035 3448; x_wconf 81' lang='lat' dir='ltr'>eret,</span> <span class='ocrx_word' id='word_1_204' title='bbox 1064 3373 1157 3458; x_wconf 83' lang='lat' dir='ltr'>quies</span> 
     </span>
     <span class='ocr_line' id='line_1_27' title="bbox 127 3474 1157 3558; baseline -0.001 -22"><span class='ocrx_word' id='word_1_205' title='bbox 127 3486 195 3539; x_wconf 86' lang='lat' dir='ltr'>non</span> <span class='ocrx_word' id='word_1_206' title='bbox 219 3483 309 3550; x_wconf 79' lang='lat' dir='ltr'>eret,</span> <span class='ocrx_word' id='word_1_207' title='bbox 354 3494 417 3554; x_wconf 79' lang='lat' dir='ltr'>pax</span> <span class='ocrx_word' id='word_1_208' title='bbox 447 3492 513 3534; x_wconf 91' lang='lat' dir='ltr'>non</span> <span class='ocrx_word' id='word_1_209' title='bbox 541 3485 624 3549; x_wconf 83' lang='lat' dir='ltr'>erat,</span> <span class='ocrx_word' id='word_1_210' title='bbox 655 3494 759 3536; x_wconf 89' lang='lat' dir='ltr'>novos</span> <span class='ocrx_word' id='word_1_211' title='bbox 786 3474 932 3558; x_wconf 83' lang='lat' dir='ltr'>quotidie</span> <span class='ocrx_word' id='word_1_212' title='bbox 960 3486 1086 3550; x_wconf 87' lang='lat' dir='ltr'>motus,</span> <span class='ocrx_word' id='word_1_213' title='bbox 1118 3496 1157 3536; x_wconf 85' lang='lat' dir='ltr'>no</span> 
     </span>
     <span class='ocr_line' id='line_1_28' title="bbox 126 3574 1156 3658; baseline 0.005 -22"><span class='ocrx_word' id='word_1_214' title='bbox 126 3584 272 3637; x_wconf 74' lang='lat' dir='ltr'>recentes</span> <span class='ocrx_word' id='word_1_215' title='bbox 311 3574 447 3636; x_wconf 80' lang='lat' dir='ltr'>subinde</span> <span class='ocrx_word' id='word_1_216' title='bbox 482 3577 632 3637; x_wconf 72' lang='lat' dir='ltr'>minutius</span> <span class='ocrx_word' id='word_1_217' title='bbox 671 3574 917 3654; x_wconf 81' lang='lat' dir='ltr'>suspicabamur.</span> <span class='ocrx_word' id='word_1_218' title='bbox 961 3575 1156 3658; x_wconf 50' lang='lat' dir='ltr'>Semperffl)</span> 
     </span>
     <span class='ocr_line' id='line_1_29' title="bbox 127 3673 1154 3758; baseline 0 -20"><span class='ocrx_word' id='word_1_219' title='bbox 127 3673 246 3758; x_wconf 76' lang='lat' dir='ltr'>utquid</span> <span class='ocrx_word' id='word_1_220' title='bbox 270 3674 505 3750; x_wconf 80' lang='lat' dir='ltr'>metuebamus,</span> <span class='ocrx_word' id='word_1_221' title='bbox 534 3676 622 3758; x_wconf 84' lang='lat' dir='ltr'>quod</span> <span class='ocrx_word' id='word_1_222' title='bbox 643 3675 693 3737; x_wconf 84' lang='lat' dir='ltr'>itte</span> <span class='ocrx_word' id='word_1_223' title='bbox 714 3677 875 3740; x_wconf 89' lang='lat' dir='ltr'>communi</span> <span class='ocrx_word' id='word_1_224' title='bbox 897 3677 1038 3742; x_wconf 90' lang='lat' dir='ltr'>omnium</span> <span class='ocrx_word' id='word_1_225' title='bbox 1059 3679 1154 3752; x_wconf 78' lang='lat' dir='ltr'>msto,</span> 
     </span>
     <span class='ocr_line' id='line_1_30' title="bbox 126 3774 1156 3858; baseline 0.003 -21"><span class='ocrx_word' id='word_1_226' title='bbox 126 3794 164 3837; x_wconf 76' lang='lat' dir='ltr'>sc</span> <span class='ocrx_word' id='word_1_227' title='bbox 188 3774 285 3838; x_wconf 90' lang='lat' dir='ltr'>totius</span> <span class='ocrx_word' id='word_1_228' title='bbox 315 3776 491 3837; x_wconf 77' lang='lat' dir='ltr'>Germmiiae</span> <span class='ocrx_word' id='word_1_229' title='bbox 526 3777 668 3856; x_wconf 86' lang='lat' dir='ltr'>periculo</span> <span class='ocrx_word' id='word_1_230' title='bbox 696 3776 868 3858; x_wconf 84' lang='lat' dir='ltr'>inciperet,</span> <span class='ocrx_word' id='word_1_231' title='bbox 909 3796 946 3840; x_wconf 82' lang='lat' dir='ltr'>ac</span> <span class='ocrx_word' id='word_1_232' title='bbox 973 3779 1156 3857; x_wconf 84' lang='lat' dir='ltr'>perficeret.</span> 
     </span>
     <span class='ocr_line' id='line_1_31' title="bbox 125 3874 1156 3964; baseline 0 -25"><span class='ocrx_word' id='word_1_233' title='bbox 125 3874 269 3939; x_wconf 84' lang='lat' dir='ltr'>Proinde</span> <span class='ocrx_word' id='word_1_234' title='bbox 287 3885 351 3940; x_wconf 84' lang='lat' dir='ltr'>tem</span> <span class='ocrx_word' id='word_1_235' title='bbox 364 3879 484 3938; x_wconf 75' lang='lat' dir='ltr'>tutetur</span> <span class='ocrx_word' id='word_1_236' title='bbox 501 3878 565 3938; x_wconf 77' lang='lat' dir='ltr'>heo</span> <span class='ocrx_word' id='word_1_237' title='bbox 582 3877 688 3954; x_wconf 86' lang='lat' dir='ltr'>natio,</span> <span class='ocrx_word' id='word_1_238' title='bbox 709 3880 798 3964; x_wconf 77' lang='lat' dir='ltr'>qisod</span> <span class='ocrx_word' id='word_1_239' title='bbox 815 3881 895 3942; x_wconf 80' lang='lat' dir='ltr'>bono</span> <span class='ocrx_word' id='word_1_240' title='bbox 909 3890 1033 3961; x_wconf 85' lang='lat' dir='ltr'>pestem</span> <span class='ocrx_word' id='word_1_241' title='bbox 1047 3877 1156 3955; x_wconf 85' lang='lat' dir='ltr'>ejecit,</span> 
     </span>
     <span class='ocr_line' id='line_1_32' title="bbox 125 3977 1158 4063; baseline 0.002 -24"><span class='ocrx_word' id='word_1_242' title='bbox 125 3977 188 4039; x_wconf 86' lang='lat' dir='ltr'>bo&#39;c</span> <span class='ocrx_word' id='word_1_243' title='bbox 206 3979 350 4040; x_wconf 82' lang='lat' dir='ltr'>evomuit</span> <span class='ocrx_word' id='word_1_244' title='bbox 368 3995 552 4053; x_wconf 87' lang='lat' dir='ltr'>venenum,</span> <span class='ocrx_word' id='word_1_245' title='bbox 588 3998 683 4061; x_wconf 80' lang='lat' dir='ltr'>quom</span> <span class='ocrx_word' id='word_1_246' title='bbox 709 3979 795 4043; x_wconf 86' lang='lat' dir='ltr'>ittum</span> <span class='ocrx_word' id='word_1_247' title='bbox 818 3981 929 4063; x_wconf 82' lang='lat' dir='ltr'>ingere</span> <span class='ocrx_word' id='word_1_248' title='bbox 949 3977 1033 4052; x_wconf 76' lang='lat' dir='ltr'>scio,</span> <span class='ocrx_word' id='word_1_249' title='bbox 1066 3980 1158 4061; x_wconf 80' lang='lat' dir='ltr'>‹piod</span> 
     </span>
     <span class='ocr_line' id='line_1_33' title="bbox 125 4076 1159 4163; baseline 0.005 -23"><span class='ocrx_word' id='word_1_250' title='bbox 125 4078 206 4140; x_wconf 80' lang='lat' dir='ltr'>benc</span> <span class='ocrx_word' id='word_1_251' title='bbox 234 4090 374 4159; x_wconf 78' lang='lat' dir='ltr'>ereptam</span> <span class='ocrx_word' id='word_1_252' title='bbox 404 4076 540 4141; x_wconf 76' lang='lat' dir='ltr'>audacius</span> <span class='ocrx_word' id='word_1_253' title='bbox 562 4098 626 4141; x_wconf 80' lang='lat' dir='ltr'>sum</span> <span class='ocrx_word' id='word_1_254' title='bbox 650 4080 786 4159; x_wconf 74' lang='lat' dir='ltr'>prodam</span> <span class='ocrx_word' id='word_1_255' title='bbox 812 4079 911 4142; x_wconf 81' lang='lat' dir='ltr'>videt.</span> <span class='ocrx_word' id='word_1_256' title='bbox 965 4082 1159 4163; x_wconf 71' lang='lat' dir='ltr'>Quanquam</span> 
     </span>
     <span class='ocr_line' id='line_1_34' title="bbox 125 4178 1160 4267; baseline 0.002 -26"><span class='ocrx_word' id='word_1_257' title='bbox 125 4198 193 4247; x_wconf 86' lang='lat' dir='ltr'>non</span> <span class='ocrx_word' id='word_1_258' title='bbox 213 4178 257 4240; x_wconf 93' lang='lat' dir='ltr'>ob</span> <span class='ocrx_word' id='word_1_259' title='bbox 274 4178 306 4243; x_wconf 91' lang='lat' dir='ltr'>id</span> <span class='ocrx_word' id='word_1_260' title='bbox 326 4190 446 4243; x_wconf 79' lang='lat' dir='ltr'>tantum</span> <span class='ocrx_word' id='word_1_261' title='bbox 461 4180 669 4243; x_wconf 79' lang='lat' dir='ltr'>exultandum</span> <span class='ocrx_word' id='word_1_262' title='bbox 689 4180 781 4249; x_wconf 80' lang='lat' dir='ltr'>nobit</span> <span class='ocrx_word' id='word_1_263' title='bbox 806 4191 902 4263; x_wconf 84' lang='lat' dir='ltr'>puto,</span> <span class='ocrx_word' id='word_1_264' title='bbox 923 4180 1013 4267; x_wconf 85' lang='lat' dir='ltr'>quod</span> <span class='ocrx_word' id='word_1_265' title='bbox 1028 4178 1160 4263; x_wconf 81' lang='lat' dir='ltr'>pericu-</span> 
     </span>
    </p>
   </div>
   <div class='ocr_carea' id='block_1_7' title="bbox 160 4382 800 4457">
    <p class='ocr_par' dir='ltr' id='par_1_8' title="bbox 160 4382 800 4457">
     <span class='ocr_line' id='line_1_35' title="bbox 160 4382 800 4457; baseline 0.009 -20"><span class='ocrx_word' id='word_1_266' title='bbox 160 4382 191 4450; x_wconf 56' lang='grc'>1)</span> <span class='ocrx_word' id='word_1_267' title='bbox 207 4392 268 4438; x_wconf 75' lang='lat' dir='ltr'>nach</span> <span class='ocrx_word' id='word_1_268' title='bbox 285 4394 420 4451; x_wconf 69' lang='lat' dir='ltr'>gutum:</span> <span class='ocrx_word' id='word_1_269' title='bbox 438 4397 479 4442; x_wconf 82' lang='lat' dir='ltr'>vet</span> <span class='ocrx_word' id='word_1_270' title='bbox 497 4395 628 4453; x_wconf 65' lang='lat' dir='ltr'>tetgentgt</span> <span class='ocrx_word' id='word_1_271' title='bbox 665 4384 712 4457; x_wconf 71' lang='lat'>⁴⁸)</span> <span class='ocrx_word' id='word_1_272' title='bbox 729 4400 763 4444; x_wconf 75' lang='lat' dir='ltr'>Se</span> <span class='ocrx_word' id='word_1_273' title='bbox 778 4410 800 4443; x_wconf 77' lang='lat' dir='ltr'>s.</span> 
     </span>
    </p>
   </div>
   <div class='ocr_carea' id='block_1_8' title="bbox 0 0 1320 5086">
    <p class='ocr_par' dir='ltr' id='par_1_9' title="bbox 0 0 1320 5086">
     <span class='ocr_line' id='line_1_36' title="bbox 0 0 1320 5086; baseline 0 3"><span class='ocrx_word' id='word_1_274' title='bbox 0 0 1320 5086; x_wconf 95' lang='lat' dir='ltr'> </span> 
     </span>
    </p>
   </div>
  </div>
 </body>
</html>
