2632 5086
424 694 529 770 Trias
555 696 723 775 Romana
745 700 935 803 Dialogus.
1120 712 1192 793 1129

586 891 781 959 Erahold.

241 989 328 1069 Quid
353 991 483 1055 honest
512 1013 640 1076 quaeso,
670 995 760 1077 quod
785 1009 816 1059 te
846 998 880 1061 in
905 1020 1002 1067 aurea
1025 1001 1106 1067 urbe
1124 1023 1193 1067 mo·

160 1094 275 1154 testum
295 1092 429 1155 habuit?
847 1086 853 1100 ¹

590 1194 752 1265 Hutten,

240 1293 379 1355 Omnino
408 1294 577 1377 quiddam
608 1296 666 1359 sed
694 1299 783 1381 quod
807 1303 984 1379 recordor,
1014 1327 1080 1369 non
1114 1308 1191 1388 nihil

160 1395 286 1456 interim
300 1396 461 1459 suavitatis
479 1400 586 1479 accepi
608 1400 691 1461 item.
1016 1420 1019 1425 ·

580 1500 770 1562 Ernhold.

237 1596 323 1678 Quid
345 1597 432 1659 hoe?

594 1698 763 1763 Hutten.

236 1802 409 1880 Querudam
429 1801 553 1862 allatum
573 1811 620 1863 est
639 1800 782 1865 Coloniae
803 1812 961 1881 mortuum
986 1807 1187 1887 sacerdotem

157 1902 314 1977 vetulum,
335 1901 475 1981 atlprime
494 1901 644 1975 divitem,
666 1913 697 1965 et
716 1902 880 1982 insigniter
900 1926 1041 1970 avarum.

574 2002 765 2065 Ernhold.

232 2099 270 2163 ld
292 2099 349 2163 tihi
367 2099 543 2182 jucundum
562 2100 623 2164 suit
649 2124 741 2167 vero.

245 2258 248 2262 .
579 2202 760 2267 Hutten.

229 2304 302 2365 Non
322 2303 374 2378 id,
395 2304 453 2367 sed
473 2302 562 2386 qrrod
582 2298 626 2365 sic
646 2302 763 2369 invitus
783 2305 926 2369 discessit
948 2307 1066 2384 evita,
1089 2311 1182 2383 toties

152 2404 241 2484 prius
269 2405 467 2484 conspicatus
495 2420 626 2479 aurum,
660 2407 749 2488 quod
774 2405 835 2468 sibi
860 2428 923 2469 rana
952 2427 1023 2469 curn
1052 2409 1181 2491 reliquis

151 2506 305 2567 thesauris
317 2504 473 2566 decimum
485 2516 651 2585 antequam
669 2517 847 2570 moreretur
861 2507 962 2583 diem,
983 2506 1102 2571 adferri
1114 2508 1180 2589 jus-

153 2615 253 2678 serat,
268 2616 300 2666 et
313 2604 373 2664 sub
385 2589 484 2682 eapite
496 2604 610 2678 locari,
629 2607 738 2669 votens
752 2608 850 2670 eredo
863 2609 903 2671 ad
915 2609 1036 2671 interos
1050 2607 1178 2670 deferre

152 2707 235 2779 hae,
263 2720 329 2766 tum
351 2724 460 2769 omnes
483 2704 623 2786 undique
645 2706 792 2789 conquiri
819 2692 985 2784 medicos,
1008 2709 1180 2793 pecuniam

149 2806 302 2888 pollicens
315 2807 510 2879 immensam,
531 2806 558 2867 si
571 2826 606 2875 se
620 2806 804 2883 restituant,
824 2809 1001 2892 vidensque
1016 2821 1119 2873 aetum
1135 2810 1177 2872 de

147 2929 183 2971 se
209 2905 295 2990 jam,
331 2908 563 2987 collacrymant
600 2907 733 2982 misere,
768 2928 868 2991 seque
895 2909 1038 2985 suffixit,
1070 2911 1178 2992 omnia

147 3031 217 3092 qrrre
237 3029 309 3072 cara
333 3009 502 3083 habuerat,
529 3008 654 3070 interim
676 3006 793 3084 jubeas
811 3009 938 3073 ostendi
962 3010 1079 3077 crebro
1103 3010 1173 3085 sibi,

146 3124 177 3175 et
197 3112 335 3174 rationes
361 3108 445 3191 legi,
476 3128 642 3176 scissuras
669 3109 854 3188 computari.
873 3092 878 3101 ⁹
895 3107 1076 3191 Quinetiam
1102 3130 1176 3172 sex·

144 3214 264 3275 centies
297 3210 449 3292 amplius,
481 3230 553 3272 euru
577 3208 680 3275 suedia
708 3207 772 3289 jara
807 3208 841 3271 in
865 3221 969 3272 morte
999 3218 1173 3286 teneretur,

146 3314 253 3374 ierunt
277 3314 481 3374 exclamasse:
520 3311 699 3374 Oauruml
730 3330 750 3370 o
770 3309 1004 3391 possessiones!
1036 3310 1174 3373 obene·

145 3413 235 3474 ficiat
265 3423 488 3493 spectasseque
510 3410 609 3473 oeulis
629 3410 800 3473 admodum
823 3411 942 3494 iniquis
969 3411 1173 3475 circumstan-

144 3525 210 3584 tes,
230 3530 312 3593 quos
331 3511 434 3575 statirn
449 3520 577 3572 mortuo
597 3530 666 3572 sese
684 3508 789 3573 omnia
802 3522 1025 3592 exponaturos
1041 3512 1171 3589 sciebat,

143 3610 287 3691 ingratos
306 3609 409 3671 etiam.
446 3610 552 3673 Porro
571 3610 706 3673 inversis
727 3609 791 3691 jam
818 3612 936 3689 oculis,
961 3614 1170 3696 extinctoque

142 3713 196 3775 ino
224 3710 371 3790 eorporis
390 3709 523 3785 lumine,
553 3711 587 3773 iu
613 3709 713 3792 ipsam
741 3733 846 3795 usque
875 3723 1011 3775 mortem
1033 3723 1168 3795 utraque

142 3835 255 3887 mauri,
287 3821 438 3892 quantum
461 3809 620 3892 potuerit,
652 3815 852 3891 compiexum
883 3815 1047 3875 thesauros
1079 3833 1166 3885 suos,

142 3915 234 3999 quod
260 3910 312 3974 eui
331 3931 397 3972 non
423 3909 597 3992 jueurutum
623 3909 693 3973 sit?
725 3922 777 3975 aut
803 3932 993 3994 quemquam
1020 3910 1166 3987 miseret,
1234 3928 1237 3933 ’

140 4037 230 4090 eum,
253 4010 309 4097 qui
326 4011 373 4075 sie
392 4012 488 4086 vixit,
506 4011 552 4074 sio
570 4011 677 4075 mori?

555 4104 750 4175 Ernhoid.

213 4214 273 4278 Me
291 4210 425 4296 quidem
439 4208 531 4285 nihil,
551 4222 584 4273 et
602 4226 708 4275 tecum
723 4208 844 4287 sentio,
863 4208 1017 4293 juvatque
1031 4215 1162 4292 precari,
1259 4206 1262 4211 ’

139 4318 239 4385 araris
263 4318 325 4378 hoe
344 4312 509 4390 omnibus,
540 4326 576 4377 ut
594 4334 664 4398 que
688 4312 823 4375 maxim
850 4320 1000 4394 euprurrt,
1024 4313 1161 4374 maximo
