2632 5086
622 1240 733 1321 e).

142 1427 319 1502 Omnibus
352 1426 469 1500 omnis
506 1423 643 1499 ordinis
676 1447 719 1497 ac
757 1436 872 1500 status
895 1427 933 1501 in
958 1428 1158 1503 Germania

140 1565 391 1663 Principibus,
447 1562 634 1641 Nobilitati
676 1588 719 1636 ae
762 1564 933 1657 Plebeis,
990 1565 1157 1639 Ulrichua

210 1705 258 1778 de
295 1697 438 1775 Hut'ten
474 1702 624 1795 Eques,
673 1703 837 1811 (butor,
888 1718 926 1775 et
963 1701 1079 1776 Poeta

461 1839 642 1912 laureatus
667 1841 835 1914 Salutem.

556 2029 720 2053 nunu—h

144 2167 263 2285 Quum
284 2196 422 2264 veritatis
443 2221 569 2276 umore,
590 2191 681 2263 simul
701 2198 859 2282 etputrie
880 2194 1005 2278 situlis,
1026 2220 1064 2264 eu
1083 2198 1168 2265 scri·.

140 2301 200 2380 ptis
220 2301 429 2381 prodidissem
458 2322 578 2381 nuper,
609 2322 679 2382 qnae
705 2304 837 2362 reticere
869 2313 900 2361 ct
928 2300 1057 2383 impium
1085 2302 1160 2369 satia

140 2400 263 2479 putavi.
285 2412 316 2461 et
336 2399 429 2464 oliicii
448 2419 516 2463 esse
537 2398 618 2463 haurd
640 2421 795 2483 quaquam
815 2402 876 2463 mei
896 2400 1061 2462 arbitratus
1078 2422 1160 2479 sum,

140 2501 179 2560 de
200 2500 366 2562 immodica
396 2500 532 2564 llomuni
562 2500 719 2581 pontilicis
746 2500 904 2578 potentia,
941 2500 980 2559 de
1006 2479 1159 2580 perverso

140 2603 228 2667 urbis
248 2605 357 2664 llonne
377 2612 477 2673 statu,
500 2587 547 2660 ‘de
567 2600 645 2661 luxn
664 2607 695 2659 et
720 2598 849 2660 avaritia
869 2598 1089 2672 sacerdotum,
1117 2601 1159 2663 de

143 2701 315 2764 Simoniaea
328 2696 446 2772 lmresi,
460 2697 500 2758 de
509 2696 749 2763 Curtisanoruru
759 2696 975 2781 improbitate,
986 2698 1160 2771 universim

143 2803 182 2862 de
204 2799 258 2876 iis,
290 2798 361 2883 rpri,
387 2816 484 2881 quttm
503 2796 678 2879 spirituales
705 2800 811 2863 vocari
830 2803 1005 2882 postulent,
1033 2810 1093 2865 nec
1111 2803 1161 2865 vi·

143 2913 221 2963 vurn
240 2921 282 2961 ex
302 2896 428 2979 spiritu,
465 2910 495 2957 et
515 2896 614 2961 nantis
635 2890 763 2978 negotia
785 2909 915 2961 tractant
935 2902 1074 2964 omniurn
1094 2898 1161 2965 nvi·

143 3001 287 3076 dissime,
318 3021 353 3062 ac
373 2997 585 3080 voluptatibus
604 2997 700 3061 dediti
731 3008 803 3061 sunt
833 3000 972 3079 perdite,
1006 2994 1159 3067 denonis

142 3123 265 3183 semper
297 3100 480 3181 pontificum
510 3092 740 3174 sanctionibus,
768 3116 804 3158 ae
838 3098 988 3160 violentia
1016 3100 1160 3182 quotidie

142 3204 294 3265 bullarum
315 3205 383 3283 plus
405 3221 496 3285 quam
514 3202 693 3281 tyrannica,
726 3210 757 3261 et
776 3196 809 3259 id
828 3220 929 3280 genus
949 3199 1022 3271 alia,
1044 3199 1161 3281 quibua

141 3303 351 3383 multipliciter
370 3322 405 3362 ac
424 3322 525 3384 prope
534 3301 662 3362 infinite
682 3297 864 3367 Christiane
883 3298 1006 3362 veritati
1026 3301 1164 3383 deroga·

144 3414 211 3479 tnr,
242 3406 305 3465 inec
331 3404 416 3464 natio
443 3400 625 3484 gravissime
653 3402 857 3483 opprimitur:
889 3413 1058 3484 essentque
1079 3402 1160 3465 adeo

145 3502 248 3563 omnia
275 3503 454 3577 marrilesta,
486 3514 521 3562 nt
542 3502 651 3579 negari
669 3523 735 3564 uon
752 3516 898 3583 possent:
928 3491 1009 3564 adeo
1035 3500 1161 3586 iniqua,

118 3587 127 3603 ’
146 3615 178 3664 ιιι
200 3622 256 3663 uec
277 3602 511 3664 exornationem
532 3604 725 3684 acciperent,
758 3614 790 3665 et
809 3598 1027 3665 defensionem
1053 3605 1168 3671 essin.

146 3705 266 3765 tierent.
303 3707 376 3785 Ego
396 3725 475 3765 vero
496 3727 594 3788 quum
622 3704 655 3766 in
679 3705 783 3766 literas
807 3704 976 3780 referrem,
1008 3724 1074 3765 non
1094 3714 1163 3773 lan·

145 3815 212 3866 turn
232 3824 295 3863 uon
316 3803 460 3865 conscius
480 3823 579 3867 essem
602 3797 732 3884 alicujus
751 3800 824 3866 milri
839 3802 959 3877 delicti,
983 3815 1018 3865 ut
1039 3824 1161 3886 poenaru

144 3921 333 3978 metuerem,
369 3904 425 3965 sed
451 3902 532 3964 bene
559 3903 660 3967 meriti
681 3903 773 3967 etium
798 3914 834 3964 nt
852 3903 1012 3985 premium
1033 3923 1161 3986 sperare

144 4003 310 4066 studerem:
342 4013 377 4065 ut
397 4007 448 4087 qni
469 4025 505 4064 ea
524 4024 701 4079 monerem,
732 4024 800 4087 qne
821 3996 863 4064 ex
882 3996 999 4066 Christi
1019 4003 1161 4066 instituto

145 4106 241 4167 duum
262 4116 383 4179 essent,
415 4126 466 4168 me
496 4105 624 4188 (pridem
644 4104 738 4188 digna
757 4102 945 4167 videbuntur
964 4115 995 4165 et
1014 4103 1161 4184 religioni

146 4215 371 4282 consentanea,
404 4206 532 4286 publico
562 4226 641 4269 vero
668 4207 761 4268 etiam
785 4201 971 4269 necessaria.
1019 4205 1099 4265 Natu
1129 4202 1163 4267 id

146 4307 235 4384 plane
255 4307 391 4368 conabar
410 4308 549 4379 efficere,
569 4318 604 4368 ut
618 4301 787 4389 alirprando
800 4304 984 4388 resipiscant
997 4302 1073 4382 ipsi:
1095 4324 1163 4389 quo

147 4425 186 4465 ue
212 4404 341 4468 nimium
361 4405 458 4488 justus
480 4407 695 4491 persequendi
720 4406 769 4469 sui
794 4414 905 4469 causas
928 4406 1049 4485 populo
1071 4403 1164 4471 chri·
