2618 5094
152 757 222 837 alta
392 751 497 823 Trias
522 751 689 825 Romana
712 746 900 847 Dialogus.

149 943 340 1008 canonizare
360 954 482 1005 sanctos
507 941 610 1022 (quod
639 938 740 1004 estin
764 940 856 1003 divos
880 940 1002 1002 referre
1023 939 1179 1024 aliquem)

146 1045 240 1127 quale
260 1045 341 1106 etin
361 1046 432 1127 ipso
453 1058 597 1122 quarunt
618 1029 813 1129 lucrumpac
831 1038 1021 1103 inveniunt?

558 1188 587 1248 E
598 1187 671 1250 rnh
683 1186 765 1247 old.

222 1302 269 1368 ita
287 1304 384 1384 gratis
400 1305 457 1366 hac
476 1313 564 1366 etate
584 1302 676 1364 divus
696 1322 791 1364 nemo
811 1297 867 1362 llt?

576 1446 740 1509 Hutten.

209 1515 210 1520 ¹
888 1516 893 1539 l

220 1564 318 1648 Quod
336 1564 425 1627 vides
445 1581 557 1635 uemo;
578 1561 665 1643 atqui
684 1559 800 1622 rectius
825 1571 912 1634 crat,
933 1579 992 1622 sua
1010 1578 1174 1640 quemque

143 1666 255 1730 merita
278 1679 419 1728 sanctum
445 1663 600 1737 reddere,
632 1682 727 1744 quam
757 1661 890 1721 alioruin
919 1657 1054 1738 pecunia
1086 1654 1174 1732 injici

143 1769 223 1830 hauc
243 1766 424 1830 hominibus
445 1763 638 1844 opinionem.
683 1763 794 1841 Nuper
814 1760 941 1841 quidem
960 1759 1075 1819 fratres
1095 1778 1173 1836 prae·

143 1866 300 1928 dicatores
328 1862 525 1929 Antoninum
545 1861 711 1946 quemdam
725 1883 816 1923 suum
832 1882 904 1922 eum
923 1862 1040 1920 vellent
1062 1858 1174 1920 divum

141 1965 278 2041 habere,
308 1987 326 2025 a
350 1961 571 2026 Maximiliano
595 1963 743 2043 petebant
761 1962 865 2024 literas
892 1962 931 2023 ad
951 1961 1101 2022 Leonem
1124 1959 1171 2032 X,

142 2065 260 2149 quibus
280 2063 324 2125 illi
343 2063 579 2125 commendaret
598 2082 721 2126 causatu
742 2083 829 2137 eam,
850 2059 883 2122 iu
903 2081 966 2143 qua
984 2076 1096 2121 notum
1113 2075 1172 2132 est,

141 2170 236 2246 quam
253 2161 419 2240 pecuniam
439 2160 641 2242 profuderint
661 2164 837 2243 paulopost.
878 2159 1001 2224 Tunica
1023 2179 1104 2220 vero
1127 2157 1173 2220 iu·

141 2260 320 2336 consutilis,
352 2281 422 2343 quae
443 2261 580 2323 Treveri
607 2273 655 2325 est
681 2263 804 2325 relossa
823 2282 941 2342 paucos
971 2259 1040 2321 ante
1061 2278 1171 2332 annos,

140 2372 176 2425 ut
202 2381 273 2424 esse
297 2361 365 2423 talis
392 2362 598 2437 crederetur,
628 2362 763 2423 obscure
789 2361 923 2441 pecunia
949 2376 1090 2439 emptum
1115 2369 1171 2427 est,

141 2461 357 2544 apontilice?
397 2473 448 2523 aut
479 2481 545 2524 non
569 2482 639 2541 pars
665 2481 795 2536 eorum,
837 2483 906 2543 quae
938 2459 999 2520 illic
1032 2461 1174 2529 offerunt

141 2585 277 2645 peregre
296 2562 398 2625 visum
419 2561 623 2624 advenientes
641 2561 742 2623 adhuc
754 2561 897 2640 pontifici
911 2561 1045 2621 Romam
1067 2558 1172 2623 cedit‘l

141 2665 179 2724 ad
201 2683 296 2744 quam
315 2660 471 2738 stultitiam
495 2660 582 2740 prius
607 2659 712 2740 omnia
731 2662 920 2742 perderent,-
943 2679 1037 2740 quam
1059 2659 1171 2721 adduci

140 2762 257 2821 vellent
286 2762 426 2821 homines
456 2760 573 2837 ltaliae,
602 2759 784 2844 laetumque
813 2781 831 2820 a
855 2758 948 2820 nobis
971 2758 1031 2837 ipsi
1061 2761 1100 2822 ad
1121 2780 1170 2822 ca-

138 2858 287 2921 chinnum
305 2863 412 2941 usque
430 2860 586 2924 derident.

559 3008 750 3070 Ernhold.

213 3116 251 3182 ln
287 3120 371 3184 ltalia
398 3123 527 3206 quidem
558 3122 624 3184 vidi
658 3123 815 3184 neminem
850 3125 964 3183 horum
998 3122 1169 3205 quicquam

136 3223 258 3298 lacere,
282 3244 351 3306 quae
367 3225 468 3286 nostri
483 3239 569 3285 tanto
585 3245 657 3285 cum
672 3223 878 3297 detrimento,
906 3222 1035 3300 publico
1052 3223 1169 3302 pariter

137 3334 169 3380 ct
194 3323 318 3399 privato
344 3324 530 3398 admittunt,
561 3343 667 3407 neque
698 3324 786 3405 enim
809 3323 1020 3404 indulgentias
1048 3336 1167 3394 emunt,

137 3419 191 3480 vix
213 3422 308 3501 gratis
332 3410 417 3483 datas
441 3423 612 3502 accipiunt,
643 3445 748 3507 neque
769 3422 975 3483 contribuunt
998 3423 1169 3483 adversum

137 3520 279 3595 Turcas,
311 3531 342 3582 et
370 3521 530 3583 facultates
564 3521 667 3584 sciunt
695 3521 899 3595 deltrdendis‚
931 3535 962 3581 et
990 3520 1169 3600 expilaudis

134 3619 275 3681 barbaris
301 3640 370 3680 esse
394 3620 594 3694 adinventas,
617 3623 660 3684 ob
675 3623 772 3703 idque
794 3621 887 3682 adse
908 3620 984 3696 nihil
1004 3620 1168 3698 pertinere

133 3717 333 3782 arbitrantur.
366 3720 522 3783 Praeterea
538 3724 577 3784 ad
592 3723 795 3803 templorum,
815 3734 851 3782 ut
867 3740 927 3781 uos
942 3719 1009 3794 hic,
1031 3734 1169 3783 structu·

133 3839 183 3880 ras
205 3839 246 3880 ue
265 3819 378 3899 stipem
397 3821 525 3904 quitlem
547 3822 728 3885 conserunt.

562 3966 727 4027 Hutten.

205 4062 346 4126 Alterius
378 4085 428 4126 me
455 4065 609 4129 ternionis
640 4067 895 4128 commouelaeis.
935 4065 1011 4128 Tria
1037 4086 1165 4144 semper

131 4175 269 4245 aguntur
300 4165 435 4238 Romae,
467 4166 625 4228 Vadiseus
658 4169 719 4239 ait,
751 4186 858 4247 neque
892 4184 1033 4247 unquam
1060 4175 1165 4223 tamen

130 4274 343 4346 peraguntur:
364 4262 535 4326 animarum
555 4266 679 4338 beati0,
701 4267 907 4345 collapsurum
926 4266 1039 4328 aedium
1058 4285 1174 4352 sacra--

130 4386 201 4427 rum
219 4363 428 4438 restauratio,
450 4375 481 4423 et
501 4363 534 4426 in
557 4369 585 4427 T
588 4387 679 4429 urcas
703 4366 879 4448 expeditio.
