2632 5086
257 1405 424 1479 Ulrichus
446 1405 629 1478 Huttenus
653 1401 808 1477 Eobauo
832 1364 951 1479 Hesso
977 1416 1015 1479 et
1038 1405 1186 1505 Petrejo

563 1548 803 1646 Aperbacclro
842 1549 875 1623 S.

659 1748 779 1775 ¹*

208 1880 376 1992 Rumpam
407 1912 482 1975 illud
508 1909 634 1973 tandem
663 1928 746 1988 pene
775 1908 838 1986 jam
870 1912 1110 1986 continuamus,
1149 1909 1231 1974 iuter

209 2034 269 2076 nos
301 2013 484 2085 silentium,
526 2031 586 2071 nee
617 2007 745 2090 patiar,
789 2021 931 2074 veterem
962 2011 1131 2073 'amicitiam
1170 2013 1233 2086 nlla

209 2112 344 2197 segnitie
360 2123 412 2173 aut
432 2110 552 2178 incuria
573 2107 743 2171 obliterari.
783 2110 852 2171 Vos
873 2111 950 2195 quid
972 2113 1086 2194 agatis,
1106 2113 1233 2194 ignoro.

212 2214 265 2275 'l'u
292 2214 418 2285 flesse,
444 2232 515 2272 cum
541 2210 591 2272 hic
607 2229 706 2285 ,esses
737 2219 889 2270 autumno
916 2213 1094 2291 superiori,
1129 2235 1234 2295 neque

210 2333 274 2396 ego
306 2313 488 2395 longissime
529 2297 694 2386 abessem,
737 2311 814 2395 quid
845 2331 896 2374 me
925 2312 1053 2375 noluisti
1085 2314 1234 2374 accedere

210 2413 406 2498 pigerrime?
438 2412 560 2475 Siccine
580 2411 618 2473 ab
639 2412 766 2474 assiduo
787 2413 959 2475 concubitu
980 2413 1099 2475 ltomiui
1117 2415 1234 2476 uxorio

210 2515 364 2580 inlinuata
383 2525 456 2578 suut
475 2534 585 2589 crura,
615 2524 651 2575 ut
670 2515 712 2575 X·
738 2524 791 2576 aut
817 2512 892 2576 Xll.
913 2514 1053 2576 milliaria
1078 2514 1237 2576 ambulare

210 2636 277 2677 non
296 2614 425 2694 possis?
455 2614 498 2676 At
517 2626 563 2688 te,
584 2612 806 2694 Aperliaeche,
832 2613 945 2676 aeriter
965 2617 1113 2694 vapulare
1134 2615 1236 2688 decet,

211 2713 268 2796 qui
297 2712 385 2774 auius
413 2712 475 2789 jam
504 2715 573 2794 plus
605 2723 742 2796 quatuor
772 2715 847 2777 nihil
873 2714 1032 2777 literarum
1052 2713 1176 2776 dederis
1198 2715 1238 2776 ad

210 2813 403 2889 Hutteunm,
438 2825 591 2877 arnarltem
612 2826 658 2890 tc,
690 2826 725 2875 ut
744 2815 856 2878 doctos
882 2827 977 2898 atque
999 2815 1182 2896 ingeniosos
1202 2825 1236 2876 et

211 2913 381 2977 industrios
413 2937 533 2979 ornnes.
581 2917 666 2996 Quid
695 2917 744 2978 ille
771 2916 841 2978 istic
867 2938 947 2979 vero
980 2916 1169 2979 lllutiauus?
1205 2916 1238 2979 iu

209 3026 313 3077 totum
332 3017 447 3090 credo,
475 3038 515 3078 ex
536 3016 707 3079 amicorum
726 3038 858 3081 suorum
877 3018 948 3079 albo
968 3017 1101 3082 Hutteni
1121 3040 1238 3083 nomen

212 3116 345 3191 ademit,
376 3116 417 3178 ita
440 3115 519 3179 ¹nihil
544 3116 666 3190 scribit,
697 3116 772 3178 uiuit
797 3116 1028 3200 significatione
1055 3119 1146 3181 etiam
1176 3122 1238 3180 ulla

211 3227 365 3290 testatur,
404 3239 470 3300 quo
496 3239 562 3278 nou
590 3217 686 3280 iratus
718 3217 792 3279 milti
819 3218 869 3281 sit.
916 3220 1012 3298 Quod
1036 3219 1166 3293 nescio,
1197 3241 1236 3281 au

159 3319 163 3325 ’
211 3315 263 3379 ille
294 3317 493 3391 decreverit,
528 3317 653 3380 sinistra
685 3317 789 3401 aliqua
821 3318 1002 3399 suspicione
1041 3331 1094 3381 atat
1123 3318 1238 3401 perditi

212 3415 345 3492 alieuius
375 3415 532 3478 (inlatione
562 3417 720 3480 inductus.
768 3421 840 3500 Ego
861 3430 947 3480 certe
969 3421 1128 3482 homiuem
1146 3441 1240 3481 reve·

212 3526 320 3579 rerrter
338 3536 461 3597 semper
480 3516 587 3591 colui,
605 3528 638 3591 et
656 3539 759 3593 nune,
780 3531 815 3581 ut
832 3529 992 3595 meretur,
1013 3519 1241 3583 studiosissime

211 3637 351 3677 verterer
370 3629 402 3678 et
422 3638 504 3678 arno.
543 3617 678 3679 Salutate
708 3640 749 3680 ex
776 3637 826 3682 me
853 3631 1056 3693 reverenter,
1088 3632 1119 3682 et
1140 3641 1179 3680 ue
1200 3643 1240 3681 ex

212 3716 360 3780 illutiauo
375 3727 479 3779 mutus
497 3717 553 3790 sit,
573 3716 755 3780 admonete:
789 3718 930 3788 Scribant
949 3719 1008 3794 illi,
1029 3718 1085 3781 ubi
1105 3719 1239 3800 primum

212 3832 320 3885 nactus
341 3821 434 3883 luero
460 3820 665 3881 tabellarium.
704 3818 816 3881 Frater
835 3819 885 3880 hic
906 3818 1026 3883 ordinis
1044 3820 1240 3909 Benedictiui

213 3912 424 3985 commendari
445 3921 536 3984 rubis
558 3920 656 4002 petit,
686 3920 774 4002 quod
793 3917 894 3994 laeio,
927 3937 1039 3994 orans,
1073 3932 1108 3981 ut
1128 3923 1178 3980 vel
1200 3920 1242 3979 ob

212 4021 245 4085 id
276 4023 363 4104 quod
398 4021 597 4102 perferendis
631 4019 715 4081 inter
745 4020 904 4082 studiosos
935 4031 967 4081 et
997 4020 1110 4097 doctos
1143 4019 1241 4080 literis

213 4120 340 4183 sedulus
373 4133 443 4194 est,
479 4143 555 4185 eum
582 4119 676 4183 vobis
704 4138 813 4181 carum
837 4139 908 4180 esse
933 4117 1039 4180 sinatis
1069 4129 1100 4180 et
1132 4114 1240 4179 officiis

212 4219 339 4302 juvetis.
386 4221 482 4286 ottilo
520 4223 560 4283 ad
594 4241 653 4282 vos
690 4219 875 4285 Orationem
907 4216 1176 4292 exhortatoriam,
1209 4216 1242 4278 in

213 4332 307 4405 ‘tpmm
335 4320 485 4400 reposui,
527 4342 597 4407 que
624 4319 758 4387 Caesaris
787 4318 896 4383 scribe
929 4330 1122 4382 exemerent.
1170 4317 1243 4381 Vos
