2632 5086
147 817 192 887 90
428 802 483 878 Ad
507 802 611 875 Bilib.
636 800 886 875 Pirckhcimer

146 1013 194 1064 est
214 1002 298 1076 haec,
330 1000 446 1063 habere
472 998 625 1080 aliquem,
657 1014 715 1057 uos
745 1015 814 1076 que
840 992 1061 1075 negleximus?
1098 993 1169 1059 Cur

145 1123 211 1166 non
245 1101 328 1169 euim
363 1100 528 1162 didicimus
561 1095 669 1179 leges?
707 1094 873 1158 didicimus
901 1094 1031 1156 literas?
1071 1105 1168 1177 atque

146 1201 279 1283 optinms
293 1211 374 1265 artes
395 1221 451 1260 cur
470 1220 534 1261 non
552 1197 609 1277 ipsi
630 1194 829 1258 dedicimus?
850 1217 915 1279 quo
935 1195 1038 1257 minus
1058 1198 1168 1272 lieret,

145 1314 182 1363 ut
213 1302 305 1362 nohis
341 1311 487 1373 sutores,
529 1298 621 1359 nobis
652 1296 808 1372 fullones,
849 1309 880 1358 et
907 1296 1094 1377 carpentarii
1123 1296 1169 1358 itti

145 1402 313 1485 preirent?
345 1422 402 1462 cur
421 1402 525 1461 locum
544 1396 719 1461 cessimus?
751 1418 808 1459 cur
826 1398 968 1458 liberales
988 1396 1168 1475 disciplinas

145 1504 184 1565 ad
204 1501 347 1572 servitia,
368 1513 399 1562 ct
414 1500 477 1561 illas
498 1500 598 1580 (proh
611 1499 785 1577 ignaviam)
805 1499 915 1560 sordes
931 1498 1167 1579 ablegavimus?

143 1602 246 1664 Recte
272 1599 369 1669 initur
399 1601 488 1684 quod
516 1598 684 1661 nobilitatis
718 1610 800 1672 erat,
830 1599 989 1661 desertum
1016 1599 1166 1676 anobis,

144 1700 392 1764 studiosissimus
405 1699 541 1783 qrrisque
554 1698 686 1771 invasit,
702 1719 737 1757 ac
753 1718 808 1758 sua
823 1699 975 1761 industria
988 1721 1048 1760 usu
1062 1699 1167 1779 cepit:
1216 1754 1221 1763 .

144 1823 203 1864 nos
224 1801 345 1875 miseri,
373 1801 428 1883 (pri
448 1811 565 1862 tautum
586 1801 776 1874 omittimus,
803 1812 953 1882 quantum
974 1801 1083 1860 intimo
1100 1800 1167 1862 cui-

145 1924 209 1986 quc
235 1924 328 1983 supra
358 1924 416 1963 rios
444 1901 591 1961 evolandi
618 1901 690 1962 satis
718 1912 775 1963 cst.
817 1899 902 1980 Quin
929 1900 1100 1963 desinimus
1119 1902 1168 1961 in-

144 2002 254 2063 videre
276 2003 388 2075 icitur,
409 2013 460 2062 attl
480 1999 538 2079 ipsi
560 2000 665 2080 potius
684 2003 747 2062 hec
767 2021 934 2072 conamur,
956 2022 1025 2083 quac
1045 2001 1168 2083 ingenti

144 2113 255 2164 nostro
284 2103 406 2181 prrdore
432 2099 564 2161 aliorum
589 2102 679 2162 firurt.
726 2102 873 2163 Omnium
901 2114 948 2162 est
974 2103 1058 2164 enim
1078 2104 1169 2186 quod
1216 2158 1219 2163 .

144 2202 327 2265 derelictum
354 2212 418 2262 est:
451 2211 503 2262 aut
536 2222 602 2283 quo
636 2202 781 2264 omuibus
809 2214 894 2282 patet
921 2202 1040 2274 aditus3
1073 2224 1171 2287 quem

144 2302 237 2365 nobis
259 2314 396 2385 quanto,
433 2322 525 2384 quam
551 2301 635 2375 istis,
671 2323 828 2381 occupare
853 2301 975 2364 facilius
999 2303 1076 2378 suit,
1108 2302 1171 2367 nisi

143 2405 228 2466 ultro
264 2405 415 2464 nollemus
451 2401 653 2464 clarescere?
699 2402 759 2463 nisi
793 2403 849 2462 alia
878 2402 969 2464 nobis
996 2406 1094 2465 multo
1122 2405 1170 2467 hit

143 2503 296 2566 inferiora
324 2525 405 2565 curae
432 2514 554 2576 essent;
590 2502 650 2563 uisi
677 2524 735 2582 per
766 2515 928 2582 torporem
957 2515 987 2566 ct
1013 2504 1172 2583 ignaviam

145 2604 371 2665 desideremus.
411 2604 526 2663 Gloriae
550 2624 628 2663 vero
658 2603 759 2664 omnis
786 2607 915 2666 honesta
944 2617 991 2667 est
1019 2607 1171 2670 ambitio:

145 2722 240 2765 omne
266 2703 347 2762 circa
374 2703 520 2763 virtutem
540 2702 694 2764 laudabile
715 2715 889 2777 certamen,
922 2728 1102 2789 quarrquam
1122 2718 1173 2770 est

145 2813 176 2863 et
197 2826 272 2865 suus
292 2803 403 2883 generi
425 2805 544 2877 honor,
575 2825 731 2886 suumque.
752 2805 854 2867 adfert
874 2817 904 2866 et
925 2807 1028 2887 ipsum
1048 2808 1169 2884 decus,

144 2922 204 2966 nec
229 2904 285 2965 illae
312 2903 436 2986 penitus
464 2907 698 2964 contemnende
719 2904 888 2987 imagines,
919 2909 969 2968 illa
988 2908 1055 2969 sine
1076 2928 1171 2972 onia·

143 3017 251 3068 mento
272 3017 344 3066 sunt
357 3005 387 3081 i‘)
408 3015 577 3066 stemmata.
617 3005 679 3066 Sed
699 3006 852 3087 quicquid
871 3009 983 3068 horarm
1003 3017 1068 3081 cst,
1092 3029 1171 3086 pro·

143 3107 248 3187 prium
270 3127 334 3167 rron
356 3107 521 3179 habemus,
552 3106 611 3166 nisi
637 3105 752 3167 nostris
775 3106 963 3187 quibusdam
982 3106 1099 3169 meritis
1119 3109 1170 3184 m)

143 3207 237 3267 nobis
253 3205 475 3280 conciliemus,
498 3226 556 3266 nec
571 3206 719 3280 adheret,
741 3206 800 3266 nisi
814 3206 846 3266 in
863 3206 978 3269 similes
994 3207 1044 3269 sui
1062 3228 1171 3271 mores

143 3304 261 3366 incidat
289 3304 445 3368 nobilitas.
503 3308 610 3386 Quare
639 3306 754 3367 frustra
790 3305 939 3385 pinguem
970 3307 1107 3388 aliquem
1140 3319 1172 3371 et

145 3424 283 3468 crassum
311 3426 352 3465 ex
379 3405 436 3467 illis
463 3416 582 3486 patrem
609 3405 758 3480 familias,
791 3404 943 3485 majorem
962 3406 1018 3467 tibi
1037 3429 1172 3475 suorum

144 3516 260 3567 statuas
278 3517 507 3579 ostentantem,
527 3505 651 3578 videas,
675 3527 774 3587 qrrum
788 3507 856 3586 ipse
869 3507 1011 3568 desideat
1028 3507 1171 3581 interim3

143 3606 242 3686 magis
263 3617 376 3667 trunco
397 3606 520 3680 similis,
547 3626 641 3687 quam
662 3606 857 3680 utiliorum,
879 3605 935 3689 qui
955 3609 1174 3686 praeluxerunt

143 3705 278 3781 virtute,
307 3707 519 3768 conserendus
540 3704 655 3765 verriat.
703 3707 810 3786 Atque
830 3707 895 3766 haec
919 3708 1049 3769 demea
1072 3707 1171 3770 ambi·

143 3806 251 3880 tione,
289 3805 381 3884 cujus
409 3806 468 3867 tibi
503 3807 677 3880 rationem,
709 3816 743 3867 ut
771 3806 922 3885 copiose,
957 3807 998 3867 ita
1029 3806 1172 3887 ingenue

141 3906 277 3967 reddidi.
331 3908 498 3984 Superest,
541 3917 572 3966 te
608 3927 735 3985 rogem,
774 3907 813 3967 ab
848 3911 984 3969 aidane
1012 3928 1076 3982 me,
1108 3908 1174 3975 nisi

142 4018 315 4080 maturum,
355 4003 490 4081 abripias
518 4026 554 4066 ac
582 4006 752 4086 decerpas:
785 4008 1046 4089 quandoquidem
1071 4007 1173 4088 ipsam

141 4107 330 4168 maturuisse
351 4109 458 4169 velles.
496 4108 628 4180 Aulam3
648 4118 815 4191 autequam
834 4106 908 4168 mihi
922 4108 967 4169 sic
983 4107 1171 4170 excidissetz

143 4244 310 4259 ῌ

181 4333 212 4400 ¹⁵)
239 4355 284 4389 vor
308 4346 447 4391 stemmata:
476 4353 534 4391 nou
559 4345 687 4402 tetgerum.
742 4335 786 4403 “)
812 4346 874 4390 tttud
896 4356 941 4390 vor
965 4345 1034 4390 nubta
1057 4344 1176 4402 turchis-

178 4426 292 4475 strlclran.
