2632 5086
207 778 279 847 212
447 765 592 846 Erasini
616 765 663 839 ad
687 763 763 839 Ulr.
787 765 991 837 Huttenum

146 962 148 971 '
184 955 415 1025 demoretur:
452 979 488 1021 ac
515 958 608 1021 toties
633 954 694 1021 sihi
712 967 848 1019 renovat
865 957 1077 1037 voluptatem,
1109 956 1237 1039 quoties

209 1061 287 1125 sbos
312 1062 467 1143 conspicit
488 1058 649 1122 oblectari.
689 1056 773 1120 Cum
792 1069 862 1117 retes
888 1058 1004 1133 ferret,
1037 1079 1101 1118 non
1122 1057 1238 1121 abbor-

208 1154 273 1227 rnir
296 1182 315 1226 a
340 1166 515 1243 puellarum
534 1159 711 1234 amoribus,
745 1152 805 1220 sed
822 1158 899 1219 citra
919 1158 1102 1231 infamiam,
1133 1169 1165 1217 et
1191 1156 1238 1219 sic

209 1275 246 1327 ut
271 1261 382 1326 oblatis
411 1263 509 1345 magis
536 1261 721 1333 inseretur,
752 1279 847 1342 qnam
881 1257 1028 1340 captatis,
1067 1270 1099 1319 et
1125 1258 1237 1319 ‘animo

209 1374 321 1427 mutuo
354 1374 521 1442 caperetur
553 1361 658 1443 potius
691 1379 786 1442 quam
815 1358 913 1421 coitu.
951 1359 1059 1421 Bonas
1087 1359 1194 1422 literas
1221 1380 1239 1419 a

210 1462 319 1546 primis
338 1465 441 1525 statim
460 1463 548 1525 arnris
574 1462 730 1527 hauserat.
773 1458 907 1523 Jrrrcnis
926 1459 967 1521 ad
989 1460 1112 1521 Graecns
1133 1458 1238 1522 literas

211 1585 248 1627 uc
276 1564 480 1645 philosophie
505 1563 645 1629 studium
672 1581 706 1622 se
733 1558 910 1642 applicuit„
933 1562 1021 1623 adeo‘
1041 1580 1107 1622 nou
1132 1558 1238 1639 opitu-

210 1666 292 1728 lante
327 1677 415 1746 patre
450 1665 522 1727 viro
560 1660 681 1747 alioqui
714 1661 863 1742 prudenti
895 1662 1090 1744 proboque,
1133 1673 1168 1722 ut
1198 1681 1239 1721 ea

211 1775 379 1849 conantem
407 1764 493 1828 omni
520 1763 665 1828 subsidio
692 1756 894 1827 destitueret:
934 1782 970 1824 ac
995 1781 1077 1843 pene
1096 1781 1155 1841 pro
1183 1763 1237 1821 alr·

211 1865 316 1929 dicato
336 1864 483 1941 baberet,
514 1865 603 1947 quod
622 1884 641 1925 a
658 1862 768 1945 patriis
786 1862 896 1926 studiis
916 1861 1091 1924 desciscere
1105 1861 1237 1923 ¹ridere-

212 1976 288 2042 tur,
325 1986 396 2027 nam
428 1967 454 2025 is
475 1956 736 2029 Britannicarum
760 1965 867 2046 legum
890 1962 1034 2043 peritiam
1060 1964 1238 2041 profitetur.

212 2071 291 2151 Qun
322 2065 503 2147 professio,
537 2076 573 2126 ut
606 2075 653 2125 est
678 2084 697 2123 a
721 2060 806 2135 veris
832 2063 931 2125 literis
961 2063 1165 2126 alienissima:
1197 2063 1241 2124 ita

212 2156 298 2251 apud
318 2177 494 2230 Britannos
512 2186 584 2227 cum
601 2163 710 2244 primis
729 2163 861 2226 babetur
880 2162 1003 2246 magni,
1018 2162 1162 2245 clarique
1183 2165 1240 2246 qni

211 2266 246 2331 in
273 2269 335 2329 boe
360 2286 479 2349 genere
506 2264 567 2327 sibi
591 2274 740 2345 pararunt
765 2263 1004 2338 auctoritatem,
1035 2284 1095 2324 nec
1119 2274 1239 2326 temere

212 2368 298 2449 apud
317 2366 387 2431 illos
407 2367 466 2429 alia
484 2365 555 2442 via,
580 2364 621 2425 ad
640 2384 709 2427 rem
728 2384 764 2425 ac
783 2363 915 2447 gloriam
935 2364 1125 2442 parandam,
1138 2366 1238 2441 magis

213 2468 340 2532 idonea.
397 2466 562 2550 Siquidem
587 2465 770 2546 pleramque
800 2462 994 2526 nobilitatem
1023 2463 1104 2527 illins
1133 2464 1239 2527 ursulae

212 2568 338 2650 peperit
356 2569 418 2630 lroc
444 2565 623 2628 studiorum
647 2582 759 2644 genus.
798 2564 836 2625 ln
862 2583 902 2625 co
921 2575 1038 2648 negant
1058 2586 1243 2648 quenquam

214 2666 337 2729 absolvi
363 2685 476 2746 posse,
506 2663 567 2727 nisi
592 2663 744 2742 plurimos
772 2684 871 2725 annos
896 2662 1061 2728 insudarit.
1104 2665 1158 2727 Ab
1179 2668 1241 2729 boc

213 2763 312 2849 igitur
331 2786 403 2828 cnm
421 2786 488 2827 non
502 2762 618 2845 injuria
636 2765 821 2828 abhorreret
840 2764 1048 2827 adolescentis
1066 2763 1240 2849 ingenium,

213 2856 399 2931 melioribus
418 2864 516 2929 rebus
540 2875 667 2942 namra,
697 2875 800 2927 tamen
821 2875 895 2945 post
920 2865 1099 2950 degustatae
1119 2867 1241 2930 schola-

215 2962 537 3053 sticesflisciplinas,
572 2966 618 3030 sie
645 2966 678 3028 in
711 2968 772 3028 boc
798 2977 940 3029 versatus
969 2978 1035 3043 est,
1068 2977 1104 3030 nt
1132 2988 1243 3052 neque

214 3068 419 3131 consulerent
446 3088 628 3151 quenquam
647 3065 793 3129 libentius
813 3060 1003 3148 litigatores,
1029 3086 1135 3151 neque
1149 3068 1241 3153 'spuse-

214 3178 297 3231 stum
313 3167 496 3230 uberiorem
514 3166 633 3231 feceret
652 3167 820 3250 quisquam
838 3188 968 3244 eorum,
987 3166 1044 3250 qui
1060 3167 1136 3231 nihil
1156 3170 1242 3232 alind

215 3268 359 3351 agebant.
412 3270 514 3331 'l'mrta
548 3280 616 3330 erat
648 3268 697 3332 vis
729 3288 765 3328 ae
797 3267 939 3330 celeritas
975 3267 1105 3349 ingenii.
1152 3270 1242 3351 Quin

215 3379 248 3430 et
281 3359 466 3432 evolvendis
497 3356 751 3433 orthodoxorum
778 3367 991 3431 voluminibus
1017 3388 1083 3430 non
1110 3388 1242 3450 segnem

216 3488 347 3553 operam
381 3468 551 3549 impendit,
594 3478 770 3551 Anqnstini
807 3467 905 3529 libros
940 3469 991 3531 De
1024 3469 1149 3532 civitate
1177 3471 1242 3533 Dei

215 3567 342 3651 publice
369 3570 533 3650 professus
560 3578 607 3631 est
636 3568 737 3631 adhue
763 3589 844 3649 pene
871 3569 1054 3632 adolescens
1080 3568 1239 3633 ariditorio

209 3662 402 3754 frequenti,
444 3690 504 3732 nce
534 3667 676 3748 puduit,
700 3689 773 3755 ¹nec
802 3669 947 3749 poenituit
980 3670 1159 3733 secerdotes
1203 3692 1241 3733 ac

216 3791 348 3835 sencsa
377 3768 496 3851 juvene
526 3768 662 3850 profano
692 3789 780 3832 sacra
806 3769 940 3833 discere.
985 3770 1115 3833 lntcrim
1142 3782 1174 3830 et
1200 3771 1241 3831 ad

216 3871 340 3951 pietatis
359 3869 626 3945 strnliumtotnm
654 3868 790 3931 animum
816 3871 957 3952 appulit,
988 3869 1125 3953 vigiliis,
1155 3868 1241 3949 jeju·

216 3970 302 4044 niis,
338 3969 600 4050 precationibus,
631 3968 762 4053 aliisque
794 3970 1008 4034 consimilibus
1034 3991 1241 4052 progymnas-

217 4070 350 4134 metihns
376 4069 587 4132 sacerdotium
614 4069 776 4136 meditans.
828 4073 898 4151 Qua
917 4071 1046 4155 quidem
1065 4068 1097 4135 iu
1118 4094 1154 4134 re
1173 4093 1241 4133 non

217 4172 312 4254 paulo
332 4162 402 4253 plus
422 4170 473 4231 ille
493 4169 650 4251 sapiebat,
679 4192 772 4253 qnam
792 4171 936 4255 plerique
955 4173 1025 4250 isti,
1045 4174 1101 4258 qni
1121 4187 1239 4236 temere

216 4273 258 4335 sd
275 4283 338 4334 tam
355 4268 484 4332 arduam
504 4269 737 4361 professionem
756 4270 906 4353 ingerunt
924 4294 1014 4351 sese,
1044 4276 1130 4337 nullo
1151 4273 1239 4357 prius

217 4370 268 4437 sui
297 4369 440 4461 periculo
468 4370 567 4441 facto,
623 4370 737 4457 Neque
768 4371 938 4457 quiequam
967 4374 1139 4475 obstabat,
1173 4395 1240 4458 que
