2632 5086
136 737 206 812 876
461 738 624 812 Fortuna
647 700 833 837 Diaiog'ua,

545 928 739 992 Fortuna.

199 1104 203 1115 ,
224 1038 423 1127 Coniugium
445 1065 554 1108 omnes
579 1044 702 1123 petitis,
736 1045 1001 1128 quemadmodum
1015 1044 1165 1112 cenenu-

138 1159 218 1224 tem,
239 1148 406 1230 adsequuti
424 1147 557 1208 moleste
576 1144 683 1220 fertis,
713 1167 901 1230 semperque
922 1148 1012 1209 turba
1031 1148 1166 1210 cucum-

139 1260 199 1313 etat
217 1269 267 1311 me
287 1249 479 1327 petentium,
510 1256 544 1305 ut
564 1265 684 1307 uxores
703 1245 761 1308 sibi
780 1247 937 1323 arascram,
965 1247 1164 1328 imperiosam

138 1348 206 1424 aiii,
227 1347 277 1409 aiii
299 1346 498 1421 iracundam,
518 1354 550 1407 et
566 1360 742 1420 morosam,
763 1346 814 1408 aiii
833 1349 998 1422 moecham,
1034 1348 1165 1432 quibus-

139 1448 212 1514 dam
223 1457 424 1526 sumptuosas
437 1444 541 1509 nimis.
581 1446 610 1508 Τ
612 1468 634 1508 u
646 1467 741 1520 vero,
762 1448 815 1509 cui
827 1470 997 1530 permagna
1009 1462 1057 1512 ost
1069 1432 1164 1524 nnnc,

138 1557 291 1631 quantum
303 1544 460 1627 intelligo,
482 1545 623 1620 libertas,
648 1548 768 1621 nescis,
789 1550 827 1612 ah
842 1550 961 1625 nescis,
983 1571 1078 1632 qnam
1093 1551 1164 1612 vita

137 1646 416 1713 commutationem
440 1644 535 1707 iacias
563 1665 699 1709 uxorem
726 1647 858 1728 petens?
888 1650 950 1712 hoc
975 1662 1024 1716 est
1050 1652 1166 1713 durum

137 1751 224 1814 ultro
249 1743 413 1811 servitium
432 1744 489 1808 tihi
507 1765 690 1820 accersens,
716 1768 756 1809 an
782 1747 897 1810 obiitus
926 1771 960 1812 es
987 1751 1165 1814 Hesiodum

137 1853 266 1932 po'c'tam
296 1845 406 1910 ieiioes
436 1865 551 1908 vocare
585 1843 729 1928 conjugii
759 1847 935 1926 expertes?
971 1850 1164 1914 Simonidem

139 1970 219 2013 vero
229 1947 433 2027 naufragium
453 1945 514 2010 viri
533 1946 640 2008 dicere
659 1946 817 2008 uxorem?
837 1956 868 2010 et
888 1947 977 2014 alium
998 1953 1163 2037 quemdam

140 2059 287 2132 prestare
305 2048 421 2109 efferre
441 2067 594 2126 uxorem,
614 2066 708 2130 quam
728 2047 871 2112 ducere?

572 2162 736 2224 Hutten.

214 2271 289 2334 Non
303 2289 373 2331 sum
392 2269 522 2342 oblitus,
542 2267 598 2330 scd
617 2280 796 2333 contemno.

570 2383 597 2447 F
606 2404 625 2444 o
635 2395 728 2449 rtun
737 2408 766 2449 a.

217 2495 382 2577 Sapientes
402 2493 489 2556 viros
511 2492 699 2557 contemnis.

563 2608 729 2671 Hutten.

170 2690 182 2713 ¹
214 2716 258 2778 At
278 2714 354 2776 mihi
373 2714 531 2794 sapientes
549 2723 615 2776 nou
634 2716 799 2791 videniur,
832 2718 886 2799 qui
913 2717 959 2779 sic
987 2719 1168 2797 opinamur,

140 2833 253 2878 eorum
279 2813 465 2878 sententiam
493 2814 646 2896 praefero,
678 2817 830 2900 quicum
855 2817 1064 2898 usqueadeo
1090 2814 1169 2878 nihil

139 2913 251 2977 intenti
271 2926 376 2977 esseut
396 2915 444 2978 rei
463 2920 624 2996 parandae,
645 2925 680 2978 ut
699 2937 759 2977 nee
779 2917 907 2977 ‹iormrm
924 2915 1075 2978 haberent
1090 2936 1168 2996 pro-

139 3013 256 3098 priam,
285 3014 354 3077 sine
379 3015 536 3079 uxoribus
561 3026 664 3077 tamen
691 3015 801 3076 rivere
829 3015 1017 3088 noluerunt,
1052 3025 1083 3076 et
1109 3015 1168 3096 qui

139 3115 318 3180 existimant
352 3116 485 3197 probam
515 3113 685 3196 conjugem
717 3115 829 3176 domus
859 3135 928 3176 esse
962 3114 1099 3187 sociam,
1136 3125 1170 3174 et

138 3236 287 3297 magnum
317 3213 357 3277 ad
385 3214 448 3277 uiri
480 3213 661 3275 felicitatem
688 3225 892 3276 momentum.
942 3214 1098 3277 Praeterea
1128 3214 1169 3276 ad

138 3315 216 3378 iliud
244 3315 360 3388 orium,
377 3313 479 3395 quod
497 3333 593 3394 paro,
621 3334 725 3377 uxore
744 3335 825 3392 opus
845 3324 911 3388 est,
946 3335 1016 3394 quae
1036 3314 1169 3375 domum

138 3413 232 3478 nobis
252 3427 359 3488 curet,
388 3432 500 3494 magna
526 3434 576 3477 me
602 3412 647 3476 ibi
672 3415 778 3476 levans
802 3413 964 3487 molestia,
994 3433 1063 3494 quar
1083 3411 1169 3473 circa

138 3513 258 3577 victum
278 3514 540 3593 conparandum,
566 3523 619 3574 aut
636 3515 890 3577 conservaudum
908 3512 1024 3574 auxilio
1046 3512 1103 3586 sit,
1125 3533 1168 3574 ex

140 3634 203 3699 qua
216 3613 334 3679 liberos
351 3614 462 3674 toliere
476 3612 583 3687 liceat,
603 3634 673 3697 quaa
689 3612 846 3697 siquando
860 3621 1025 3693 aegrotem,
1046 3611 1167 3686 ioveat,

139 3714 355 3800 alaupascar,
376 3722 483 3788 curet,
506 3733 575 3796 qua
594 3713 628 3775 in
650 3713 738 3775 malis
762 3714 852 3775 simul
874 3712 999 3786 doleat,
1020 3710 1169 3773 inbonis

138 3808 393 3894 congratuletur,
434 3811 467 3874 in
496 3813 588 3895 cujus
619 3814 720 3876 veluti
752 3813 855 3875 sinum
884 3813 974 3874 liceat
1001 3811 1167 3875 effundere

138 3911 295 3998 quicquid
319 3911 360 3974 ita
388 3911 480 3974 afficit
505 3913 660 3989 animum,
688 3925 724 3977 ut
743 3911 900 3979 contineri
920 3929 985 3974 non
1004 3913 1165 3990 sustinear,

49 4054 57 4063 ,
119 4010 196 4086 ,sed
215 4012 377 4077 conscium
398 4023 528 4097 querat.

557 4128 754 4193 Fortuna.

216 4244 288 4322 Oua
316 4243 356 4306 ad
383 4244 460 4310 illud
489 4265 571 4326 opus
595 4255 644 4308 est
670 4245 787 4318 olium,
822 4264 891 4326 quae
911 4243 1049 4305 molestia
1068 4244 1163 4317 levet,

138 4360 208 4425 qua
228 4354 432 4427 egrotantem
452 4355 560 4421 curet,
587 4344 620 4407 in
639 4342 731 4427 cujus
750 4343 854 4406 sinum
873 4340 965 4405 liceat
983 4342 1159 4415 effundere,
