2618 5094
395 824 500 907 Tritis
531 822 699 901 Romana
722 824 910 924 Dinogrn
1087 830 1160 909 etr

547 1037 580 1099 H
596 1056 619 1098 u
634 1046 646 1097 t
660 1044 672 1094 t
684 1054 703 1096 e
715 1056 747 1096 n.

216 1136 369 1211 Minime,
395 1135 437 1197 ita
456 1156 515 1217 pro
534 1134 632 1197 nihilo
658 1135 773 1199 habent
798 1136 902 1212 eninr,
928 1146 965 1197 ut
982 1133 1161 1201 interlicere

140 1253 206 1297 non
228 1250 386 1319 tpttturattl,
418 1238 508 1321 quod
528 1256 683 1299 essenon
705 1235 914 1313 arbitrantur,
943 1236 1063 1323 alioqui
1083 1257 1160 1301 con·

140 1337 269 1399 scientia
288 1349 371 1400 essct
390 1338 510 1401 Rome.

557 1452 749 1515 Ernhold.

216 1556 259 1619 Et
276 1554 411 1618 venefici
430 1564 479 1616 tot
495 1573 561 1615 non
580 1564 695 1615 essent.

571 1671 604 1731 Η
611 1680 736 1731 utten.

215 1768 326 1853 ltaque
352 1768 453 1831 tribus
483 1758 623 1851 inprimis
653 1769 750 1833 rebus
776 1770 932 1833 abundare
960 1770 1072 1832 urbem
1091 1770 1160 1833 Ro-

142 1890 221 1931 mam
233 1870 309 1930 tlicit
321 1870 497 1946 Vadiscne,
518 1870 770 1952 antiquitatibus,
787 1870 935 1945 venenis,
957 1890 989 1932 et
1004 1871 1159 1947 vastitate,
1188 1876 1192 1883 '
1223 1926 1234 1945 ,

140 1990 206 2052 quo
225 1968 383 2049 adjectum
401 1991 420 2033 a
437 1990 487 2031 me
507 1968 637 2044 iterum,
657 1969 716 2033 tria
735 1972 866 2037 exulare
884 1970 958 2033 item
975 1970 1067 2045 iude,
1086 1971 1159 2035 sim·

139 2068 321 2150 plicitatem,
341 2068 581 2144 continentiam,
604 2081 635 2131 et
653 2070 872 2151 integritatem.

555 2186 745 2247 Ernhold.

215 2284 345 2359 Recte3
387 2296 460 2347 nam
500 2296 532 2347 et
572 2284 795 2366 simplieitatem
832 2288 1039 2353 uenierunt
1069 2288 1159 2353 urbia

139 2406 265 2455 mores,
289 2402 321 2448 et
338 2384 536 2469 continenter
556 2387 664 2449 Rome
684 2408 777 2450 nemo
798 2388 894 2465 vivit,
913 2388 1037 2471 integer
1055 2400 1160 2455 autern

140 2486 211 2567 quis
229 2485 300 2549 cst?

145 2605 149 2615 '
567 2598 734 2693 Hutten.

214 2700 341 2763 Revera
359 2702 479 2777 nrrllus,
504 2702 667 2763 hominnm
685 2722 764 2764 vero
784 2702 936 2785 opinione
951 2702 1160 2788 locupletissi-

142 2822 211 2865 mus
233 2802 384 2885 quisque,
407 2813 438 2865 et
457 2803 597 2884 inprimis
615 2803 817 2884 pecuniosus.

556 2919 746 2980 Ernhold.

215 3016 257 3081 Ut
277 3016 338 3095 ais,
367 3020 424 3082 sed
443 3022 576 3100 pessima
603 3017 730 3097 opinio,
759 3031 884 3103 qttanto'
896 3020 1002 3103 magis·
1022 3022 1158 3103 optabile

138 3125 203 3193 est,
229 3131 264 3181 ut
291 3121 392 3183 lloma
412 3119 513 3194 absit,
545 3138 639 3201 quatu
655 3118 733 3181 ittud
753 3119 883 3201 corpori
902 3121 1033 3184 exitium
1051 3122 1159 3185 terens

137 3220 360 3300 scorpionum,
381 3230 580 3299 serpentum,
601 3229 632 3279 et
650 3218 829 3283 stellionum
847 3220 959 3282 virus?
979 3219 1039 3282 nisi
1058 3221 1158 3287 tevins
1185 3270 1188 3275 ·

139 3319 303 3383 miseretur
331 3320 402 3403 quis
423 3319 461 3380 nb
481 3320 531 3382 illa
555 3340 714 3382 recessum
735 3340 804 3383 esse
824 3332 968 3383 veterum
995 3320 1159 3385 Romano·
1247 3354 1253 3365 ·

139 3442 208 3481 rum
221 3420 358 3495 virtute,
378 3433 410 3480 et
428 3419 565 3503 egregiis
581 3421 650 3480 vitae
669 3419 832 3496 institutis,
855 3440 949 3502 quarn
963 3430 1010 3481 tot
1022 3422 1159 3503 collapsa
1254 3498 1259 3509 Ι

139 3520 282 3594 preclara
296 3522 440 3598 edificia,
460 3532 508 3583 tot
521 3520 639 3583 dirutas
653 3521 833 3583 mirabiliter
849 3522 1005 3600 speciosas
1023 3532 1157 3585 structu·

141 3636 209 3689 ras,
229 3639 294 3679 non
312 3622 476 3699 prolecto,
498 3642 579 3695 non,
601 3621 772 3703 lugendum
791 3620 890 3701 magis
910 3632 973 3697 est,
993 3632 1027 3683 et
1046 3622 1156 3703 deplo-

140 3717 269 3778 randum
288 3716 320 3779 in
340 3718 540 3799 Scipionum,
568 3722 810 3796 Marcellorum,
835 3720 1069 3793 tttaximoruru,
1094 3722 1157 3787 Ca·

139 3826 263 3891 tonum,
284 3816 504 3895 Metellorum,
523 3819 734 3896 Ciceronum,
751 3820 927 3883 illariorum
939 3823 1044 3885 locutu
1057 3820 1158 3885 immi·

138 3938 244 3998 ¹grasse
282 3936 388 3978 meros
427 3918 595 3993 Vitellios,
638 3939 742 3981 meros
786 3920 952 3997 Othones,
992 3924 1158 4005 plusquam

142 4018 304 4093 Nerones,
340 4028 372 4079 ct
404 4018 620 4092 Domitianos,
656 4018 787 4081 luxurie
816 4020 971 4097 artifices,
1004 4022 1158 4105 mancipia

138 4116 271 4179 avaritie
304 4128 336 4180 et
361 4118 554 4192 ambitionis,
591 4120 780 4183 truculentia
805 4132 837 4181 et
862 4121 1025 4187 ferocitate
1048 4135 1155 4201 notos,

138 4218 177 4277 ab
198 4218 283 4280 omni
303 4220 437 4294 virtute,
458 4218 544 4281 omni
563 4219 685 4281 ratione
702 4220 869 4284 derelictos
881 4224 1040 4297 homines,
1061 4242 1156 4306 quarn

138 4338 177 4376 ex
209 4339 384 4383 marmorea
415 4320 514 4395 urbe,
547 4329 581 4379 et
606 4334 755 4409 argentea
779 4321 892 4388 iactam
918 4322 1095 4397 lateritiam,
1122 4334 1157 4383 et

140 4426 262 4487 niteam.
