2632 5086
388 704 552 783 Fortuna
574 706 765 809 Dialogus,
1012 714 1084 811 ab&
1275 724 1284 743 ⁴

488 901 663 963 Huttem

134 1014 277 1079 Primum
296 1014 422 1096 optimis
444 1016 618 1098 disciplinis
636 1016 712 1079 dedi
730 1036 861 1097 operam
881 1020 1004 1102 mugnis
1027 1021 1089 1085 ‹lil-

58 1117 267 1190 neutralibus,
304 1130 339 1179 ut
358 1120 418 1180 hoc
445 1129 588 1198 tempore
613 1138 725 1192 uerno,
755 1120 839 1183 haud
857 1120 965 1195 aliter,
990 1133 1088 1234 atpue

58 1220 136 1281 exul
149 1238 270 1292 essem,
291 1230 321 1279 et
335 1218 434 1299 patria
453 1221 578 1299 pulsus,
599 1237 735 1331 peregre
749 1219 931 1333 divpgatus,
951 1221 1088 1286 maxima

57 1318 91 1380 in
113 1329 313 1411 paupertate,
334 1318 456 1383 miseris
476 1318 641 1396 aerumnis,
661 1330 694 1382 et
719 1318 912 1435 gravissimis
937 1342 1086 1386 nonnun-
1270 1360 1300 1399 ᾗ.-

58 1439 155 1502 quam
181 1418 311 1480 morbis.

1141 1204 1147 1233 l

481 1535 674 1598 Fortuna

136 1652 189 1713 Illa
219 1675 299 1715 voro
331 1653 434 1715 studia
464 1664 500 1714 ut
529 1652 621 1714 tantis
647 1651 808 1716 laboribus
839 1673 1086 1739 prosequerere,
1179 1730 1182 1735 ¹

58 1753 139 1838 quid
163 1753 312 1816 movebat
337 1752 560 1834 potissimum?

483 1868 652 1930 Hutten.
735 1936 739 1943 ,

133 1982 261 2048 Sciendi
296 2004 405 2060 amor,
436 1984 658 2067 ponebamque
692 2004 817 2059 onmem
849 1983 882 2048 in
912 1986 976 2052 hoo
1015 1988 1089 2057 rite

56 2082 213 2160 fructum,
240 2085 327 2148 utin
347 2084 415 2148 otio
436 2085 511 2147 olim
531 2084 709 2149 studiosum
725 2104 796 2149 esse
814 2085 935 2152 liceret.

476 2200 670 2264 Fortuna.

134 2319 202 2380 Nee
221 2316 284 2399 jam
303 2317 499 2401 adsequutus
520 2318 582 2379 hoo
603 2315 662 2379 tibi
681 2315 825 2381 videris?
849 2366 854 2375 .
888 2362 891 2367 -
1006 2354 1010 2361 ·

493 2432 658 2495 H'utten.

133 2548 360 2629 Adsequutus‚
380 2569 501 2630 pauper
521 2569 620 2631 quum
639 2547 724 2611 sim?

475 2662 669 2726 Fortuna.

137 2779 189 2842 Oh
217 2779 250 2842 id
275 2777 432 2855 maxime,
463 2801 503 2842 au
521 2780 583 2841 hoe
611 2799 678 2841 non
703 2777 813 2856 vides,
842 2789 963 2863 quanto
987 2752 1087 2863 magis
1114 2754 1124 2773 ⁸

58 2879 204 2959 proclive
230 2879 269 2943 sit
291 2862 520 2961 philosophiam
546 2890 696 2954 tractare,
716 2878 805 2963 quod
825 2879 930 2942 minus
950 2898 1088 2961 occupe-

59 2995 129 3053 tur,
151 2979 301 3060 pauperi,
323 3000 416 3062 quam
441 2981 616 3063 negotiosis
637 2980 695 3043 illis
714 2977 891 3042 divitibus?
917 2998 1000 3061 quos
1020 2997 1089 3041 non

57 3082 119 3147 sibi
140 3082 260 3156 solum,
279 3080 336 3141 sed
356 3079 423 3141 aliis
444 3100 557 3143 vacare
576 3084 649 3144 item
669 3090 813 3163 oportet,
833 3090 865 3141 ot
885 3097 968 3161 quos
988 3077 1088 3140 avir-

56 3182 133 3245 tutis
154 3182 260 3245 studio
280 3183 458 3260 voluptates
479 3180 679 3257 abstrahunt,
709 3201 782 3242 cum
800 3181 861 3242 hoe
880 3175 1086 3260 impedimen·

56 3294 123 3345 tum
145 3287 162 3343 ἐι
176 3292 359 3363 paupertate
380 3281 460 3343 absit
477 3281 687 3365 longissime?
708 3280 865 3363 Proterea
883 3301 935 3353 res
952 3289 1001 3341 est
1014 3298 1088 3342 eum

55 3383 164 3464 primis
185 3379 339 3444 industria
358 3393 544 3462 paupertas,
572 3392 604 3444 et
629 3378 812 3465 ingeniose,
839 3378 1022 3457 ueletiam,
1048 3390 1086 3444 ut

56 3483 223 3563 Diogenes
241 3495 334 3545 vocat
360 3478 567 3547 assolitam.

481 3602 670 3664 Hutten.

134 3715 242 3796 Atque
269 3735 331 3795 rgo
359 3716 392 3776 in
418 3725 602 3796 paupertate
628 3714 746 3789 didici,
777 3732 837 3776 nec
864 3715 993 3779 omniuo
1020 3711 1086 3776 suis

57 3813 139 3875 illam
160 3815 312 3877 encomiis
334 3814 469 3890 lroudo,
501 3816 594 3878 habet
620 3816 703 3877 enlm
727 3814 828 3881 laudis
853 3813 980 3878 abunde
999 3812 1084 3875 satio

58 3915 144 3995 apud
162 3915 417 3995 philosophantes
436 3918 607 3997 prasertim
621 3917 707 3990 illos,
727 3924 759 3976 et
778 3913 952 3994 sophistas,
971 3910 1087 3995 quibus

56 4017 150 4079 facile
181 4027 228 4077 est
261 4038 486 4099 quamcunque
515 4038 585 4080 rem
616 4017 765 4090 laudare,
805 4025 859 4076 aut
892 4011 1087 4093 vituperare,

56 4117 151 4179 etiam
181 4116 209 4180 si
233 4116 358 4181 lehrem
389 4138 459 4180 esse
493 4118 614 4180 bouum
644 4114 678 4177 in
704 4125 842 4177 mentem
870 4111 999 4189 veniat,
1031 4121 1087 4176 aut

56 4219 229 4301 podagram
249 4238 316 4280 non
335 4222 467 4297 mulum,
487 4233 541 4283 aut
559 4216 725 4298 pulchrum
737 4212 909 4292 calvitiem,
933 4211 1086 4295 vettrugi

56 4317 253 4382 ebrietatem.
