2632 5086
462 708 466 721 '
508 696 637 770 Oratio
662 697 797 792 quinta.
971 708 974 717 “
1103 684 1178 777 1ῖῖ

148 894 183 956 ab
203 896 259 957 boc
288 879 429 974 imperio
454 912 590 965 novam,
622 902 654 952 et
684 889 884 954 metuendam
908 891 1025 955 amoliti
1048 912 1167 968 sumtis,
1196 962 1199 969 ,

147 995 197 1077 pri
223 1014 393 1057 commune
411 992 506 1071 hujus
538 995 642 1072 patrie
669 993 896 1072 opprobrium,
924 1006 955 1055 et
981 991 1169 1073 gentilitium

144 1096 274 1161 dedecus
322 1093 511 1175 exegimus,
556 1113 592 1153 ac
629 1095 844 1174 propulimus,
862 1097 892 1171 ζ’)
928 1093 1171 1175 pulcherrimam

144 1195 318 1258 suevorum
345 1206 477 1268 terram,
510 1193 714 1256 fortissimam
733 1206 876 1276 gentem,
906 1195 988 1270 Ν)
1004 1194 1171 1272 tyrannide
1223 1203 1226 1207 “

143 1295 235 1370 leda,
254 1307 290 1355 et
311 1295 501 1357 intolerabili
514 1295 754 1358 vindicavimus.
793 1295 857 1376 Qui
874 1295 1075 1358 innocentem
1088 1297 1171 1356 mid·

145 1407 240 1457 torum
263 1394 455 1476 sartguiuem
472 1397 529 1457 ulti
549 1418 675 1470 sumus,
700 1395 892 1478 optimorum
907 1397 1008 1458 adhuc
1024 1395 1168 1459 virorum

147 1498 211 1560 redi
223 1495 473 1558 intercessimus.
513 1497 576 1575 Qui
589 1498 722 1560 effractis
736 1497 850 1576 passim
864 1497 1063 1570 carceribus,
1085 1515 1167 1579 quos

149 1600 241 1677 plures
256 1598 331 1672 ille,
352 1617 447 1678 quam
466 1599 658 1660 cenationes
672 1598 816 1680 undique
833 1608 866 1659 et
884 1595 1027 1658 cubicula
1046 1595 1167 1671 habuit,

150 1697 327 1761 onocentes
346 1686 524 1777 complures
540 1698 671 1778 paedore
689 1696 769 1777 jem,
790 1708 822 1760 et
838 1698 996 1778 squallore
1011 1697 1167 1759 semicon-

149 1799 255 1873 lectos,
286 1821 305 1858 a
319 1798 464 1878 supplicii
486 1798 609 1861 diritate
625 1798 820 1878 eripuimus,
841 1796 897 1879 qui
919 1796 950 1857 iu
966 1796 1169 1879 profligatum

151 1901 310 1971 latronem,
339 1899 553 1961 detestnbilem
569 1899 775 1977 parricidam,
800 1894 995 1979 ejuscemodi
1010 1897 1168 1961 edidimus

149 2003 338 2082 exemplum,
353 2020 394 2060 ue
409 2000 479 2082 quis
496 1986 604 2061 similia
619 1999 826 2080 inposterum
842 2019 974 2060 erasurus
991 1996 1083 2059 facile
1098 2019 1168 2062 cre·

149 2101 246 2175 datm,
263 2102 322 2184 qui
333 2100 562 2163 clementissimi
575 2098 771 2179 imperatoris
778 2098 985 2160 lllaximiliaui
997 2098 1168 2179 incoeptum

149 2202 319 2282 prosecuti,
353 2203 467 2264 multos
490 2223 532 2264 ex
560 2199 798 2280 desperatione,
828 2220 947 2284 omnes
974 2211 1101 2260 emetu
1130 2217 1168 2261 ac

147 2312 259 2364 terrore
271 2303 475 2376 sustulimus,
486 2313 519 2363 et
532 2301 709 2375 ereximus,
737 2301 791 2384 qui
805 2300 978 2379 derepente
990 2297 1170 2378 erumpeuti

148 2401 208 2476 isti,
224 2412 304 2465 mne
327 2423 400 2465 cum
419 2401 553 2464 maxime
568 2404 692 2477 valere,
714 2423 774 2464 nec
795 2400 864 2464 ullis
883 2397 944 2481 jam
963 2399 1167 2463 circumcludi

150 2501 253 2566 linoris
280 2503 334 2566 sui
365 2503 515 2566 custodiis
540 2522 636 2582 posse
650 2503 717 2577 aaa)
747 2501 927 2576 videretur,
959 2501 1167 2578 occurrimus,

145 2617 316 2687 nostroque
345 2603 487 2684 periculo
515 2623 683 2666 commune
706 2602 839 2664 nationis
864 2598 957 2680 hujus
982 2601 1166 2666 incendium

142 2706 352 2777 extinximus,
381 2703 465 2765 illum
490 2715 638 2786 tanquam
660 2705 815 2767 mlurotam
835 2704 957 2782 imperii
979 2704 1073 2783 lnrjus
1091 2726 1167 2786 pro·

140 2807 320 2889 pugnaculo
349 2804 521 2866 machinam
547 2803 737 2884 dejecimus,
767 2804 953 2877 renuimus,
985 2826 1020 2866 ac
1039 2827 1167 2885 pessum

140 2905 302 2977 dedimam
340 2905 396 2987 qui
419 2904 489 2967 talia
508 2914 570 2967 tam
596 2904 830 2979 desiderabilia,
859 2917 920 2967 taur
943 2906 1106 2981 salutaria,
1133 2916 1168 2970 el

140 3020 239 3090 optata
256 3006 304 3068 ob
322 3005 421 3087 idque
437 3005 671 3086 inperpetuum
687 3006 904 3079 memoranda,
925 3025 961 3064 ac
977 3005 1167 3068 celebranda

140 3110 321 3179 effecimus,
351 3105 486 3184 primum
508 3106 644 3168 arbitror
669 3106 707 3168 ad
735 3105 838 3165 omnia
868 3104 983 3184 passim
1008 3103 1167 3169 Diuorum

142 3211 262 3284 altaria,
287 3205 437 3268 omuibus
459 3206 599 3285 templis,
622 3204 864 3287 supplicationes
882 3206 1108 3281 decernemus,
1133 3218 1167 3270 et

143 3306 266 3373 Christo
276 3307 356 3386 Opt.
367 3305 472 3380 Man,
486 3303 579 3385 hujus
592 3306 741 3381 nationis,
757 3304 851 3387 hujus
864 3307 1001 3388 imperii,
1016 3327 1050 3368 ac
1062 3308 1166 3370 bono·

143 3430 205 3473 rum
216 3409 368 3472 omnium
383 3406 552 3479 seruatori,
564 3408 648 3482 eura)
661 3407 778 3470 vindici
789 3410 1002 3489 precationes,
1019 3410 1164 3486 hymnos,

142 3512 289 3577 claudes
304 3508 516 3582 ellnndemus,
532 3528 676 3581 munera,
691 3520 722 3568 et
733 3510 887 3582 honores,
902 3520 936 3567 ut
950 3509 1015 3569 voti
1027 3510 1165 3592 (piisque

143 3633 209 3676 mus
228 3624 298 3685 est,
328 3609 518 3680 oneremus,
545 3606 712 3690 ipsumque
731 3608 934 3687 implorantes
956 3609 1166 3689 precabimur,

142 3725 172 3775 ut
192 3711 466 3798 quaemadmodum
487 3708 604 3769 sactum
626 3711 688 3770 lroc
706 3707 845 3789 pictatis,
873 3718 905 3768 et
924 3709 1017 3771 officii
1038 3713 1167 3791 plenum

144 3814 219 3873 adeo
237 3811 349 3873 divina
367 3830 429 3888 ope
448 3830 505 3871 sira
526 3806 665 3887 adjuvit,
686 3820 721 3873 ut
739 3809 825 3871 visus
847 3809 905 3884 sit,
932 3811 1025 3872 ctiam
1050 3811 1077 3872 si
1107 3827 1167 3872 nos

146 3910 386 3984 defecissemus,
409 3909 615 3983 suffecturam,
636 3920 667 3969 et
687 3920 818 3972 conatus
839 3910 1015 3972 firmaturus
1038 3921 1167 3971 nostros

146 4029 181 4070 sc
201 4009 282 4072 sires
294 4012 513 4091 suppleturus,
538 4010 584 4072 sic
607 4009 737 4088 posthac
757 4009 910 4073 adsertam
932 4008 1079 4085 anobis,
1099 4020 1168 4073 eta

180 4240 208 4308 ⁸)
224 4248 286 4295 nacti
304 4247 467 4308 propulimm:
484 4253 527 4308 pal
545 4247 693 4306 durchrestr.
736 4239 778 4306 '¹')
800 4248 859 4297 nrclr
879 4252 985 4305 gentem:
1003 4262 1018 4296 a
1036 4249 1168 4307 betgefdgt.

180 4320 237 4386 ⁸⁸⁸)
252 4335 313 4382 nacti
325 4336 454 4382 custodiis:
470 4335 687 4393 posseretrenut.
723 4325 799 4393 ω’)
818 4346 863 4382 vor
876 4328 977 4380 vindici:
996 4334 1165 4388 retutemus.
