2632 5086
144 791 190 863 92.
423 776 481 851 Ad
503 775 608 850 Bilib.
633 773 887 847 Pirckbeimer

143 973 187 1035 bo
205 974 284 1034 banc
303 972 539 1047 conditionem,
558 991 600 1033 ne
616 967 742 1043 dubita,
769 969 814 1031 sic
833 967 1020 1032 adscendam
1035 965 1113 1028 nulli
1133 974 1170 1029 ut

143 1094 195 1137 ute
219 1073 391 1155 praecipitio
412 1086 531 1135 temere
556 1072 762 1145 committam,
791 1072 843 1131 vel
865 1071 1001 1144 eriamss')
1021 1069 1055 1130 iu
1073 1070 1168 1149 plano

142 1175 312 1247 versabor,
343 1197 413 1256 qnae
435 1174 588 1238 tutissima
607 1185 670 1248 est,
702 1174 734 1234 in
754 1192 860 1235 earne
878 1184 986 1252 parte,
1015 1182 1170 1253 qnantum

142 1275 214 1337 fieri
238 1276 372 1353 poterit,
402 1276 585 1337 continebo.
632 1276 678 1336 lta
699 1271 762 1354 jam
779 1272 902 1335 firmavi
925 1293 994 1347 me,
1021 1272 1064 1333 ita
1082 1292 1170 1333 com-

142 1375 274 1438 muniri.
312 1378 372 1438 Vis
385 1377 550 1458 magnifiee
567 1374 686 1458 aliquid
704 1375 815 1436 audire
834 1373 953 1435 etiam?
987 1393 1170 1455 quanquam

142 1487 176 1537 ut
209 1498 275 1536 non
304 1478 398 1551 selis,
440 1478 557 1551 dicam,
594 1477 652 1537 ista
682 1486 735 1536 tna
762 1476 885 1536 sincera
914 1472 1047 1553 epistola
1077 1472 1169 1535 facile

141 1576 247 1638 omnia
262 1598 360 1659 quum
377 1590 570 1661 extorqueas
584 1575 677 1651 mihi,
698 1577 799 1637 dicam
814 1573 885 1652 ajo:
906 1595 973 1636 rino
989 1576 1169 1657 eodemque

141 1687 285 1757 tempore
311 1690 343 1739 et
374 1679 477 1753 sacto,
513 1681 651 1742 honores
679 1688 712 1738 et
736 1676 828 1758 sequi
855 1696 950 1753 posse
975 1675 1107 1750 videor,
1137 1684 1170 1737 et

141 1790 358 1841 contemnere.
397 1781 504 1842 lIabes
519 1800 681 1842 summam.
720 1776 864 1849 uiuite)
883 1786 991 1838 restat.
1028 1775 1091 1837 t'bi
1111 1774 1170 1837 iste

140 1880 340 1954 effer-lanera,
386 1903 452 1962 qno
479 1900 529 1942 me
558 1880 692 1961 flagrare
724 1889 800 1940 aestu
828 1876 993 1957 intelligis,
1027 1897 1064 1937 ac
1090 1876 1169 1939 illam

140 2000 221 2060 ego,
264 2001 357 2062 qnam
385 1981 479 2042 toties
509 1999 618 2051 moro,
633 1979 701 2053 ω)
734 1977 952 2039 necessitatem
980 1988 1170 2057 prosecutus

140 2079 213 2140 satis
231 2079 342 2155 luero,
362 2079 471 2159 etjam
487 2079 608 2162 aliquid
624 2090 787 2157 peractum
803 2079 880 2150 erit,
901 2100 967 2160 quo
985 2100 1034 2140 me
1052 2078 1170 2142 vixisse

139 2190 286 2247 testatum
314 2202 383 2243 esse
410 2181 523 2261 possit,
559 2192 636 2242 tnnc
665 2179 696 2240 in
724 2179 887 2241 bominum
915 2180 1111 2241 oblivionem
1138 2192 1171 2242 te

140 2302 272 2344 suasore
293 2283 497 2358 decumbam,
524 2293 599 2343 tunc
618 2280 772 2364 (prietem,
800 2289 875 2342 tunc
898 2281 1079 2344 volentibus
1101 2281 1169 2345 Diis

141 2382 343 2466 tranquillum
363 2382 465 2461 ipsum
486 2394 641 2463 appetam.
682 2383 775 2442 Tunc
794 2381 826 2442 in
845 2383 982 2464 aliquem
1002 2404 1053 2444 me
1071 2404 1171 2464 angu-

64 2500 69 2509 '
139 2485 205 2547 lum
241 2484 437 2564 preripiam,
487 2483 519 2545 in
557 2484 693 2565 aliquem
731 2483 909 2545 abstrudam
941 2483 1170 2566 tranquillitatis

140 2606 286 2663 specum,
308 2586 393 2646 unde
413 2585 445 2645 in
467 2585 628 2646 hominum
650 2604 740 2644 curas
761 2604 796 2643 ae
818 2584 946 2664 negotia
967 2585 1171 2664 prospiciam,

140 2694 174 2742 et
188 2683 265 2745 istos
285 2695 388 2746 tecum
403 2685 523 2747 rideam
543 2685 624 2746 lastu
644 2695 676 2746 et
699 2684 848 2764 superbia
866 2696 1022 2747 tumentes
1039 2686 1171 2762 aulicos,

139 2783 210 2845 illos
231 2784 353 2864 pictura
376 2797 468 2848 tenus
489 2784 627 2860 nobiles,
656 2786 725 2847 illos
748 2786 903 2846 librorum
922 2797 1009 2849 strue
1028 2790 1173 2849 exultan-

139 2893 187 2945 tes
211 2886 472 2961 Jttreeonsultos,
505 2885 594 2960 illos,
631 2889 688 2970 qui
716 2907 750 2950 se
776 2888 809 2948 in
836 2887 930 2967 nugis
956 2887 1172 2964 admirantur,

140 2986 375 3066 Theologistas.
428 2992 575 3065 Quorum
592 2989 677 3064 seem)
715 3008 800 3049 utine
826 2987 1026 3067 concinnatas
1055 2987 1089 3047 in
1120 3009 1173 3050 me

138 3088 257 3167 ligurias
282 3108 348 3148 uon
377 3088 513 3151 obscure
536 3088 694 3170 intelligo,
724 3088 813 3150 etad
837 3087 984 3149 biliosum
1005 3086 1173 3167 cujusdam

139 3193 237 3260 σχῆαα
266 3188 437 3267 interprete
461 3211 527 3251 non
552 3209 653 3269 egem
690 3189 747 3270 ‹pri
773 3189 800 3251 si
826 3189 937 3262 sciret,
978 3210 1073 3270 qnam
1096 3189 1174 3251 nibil

137 3289 246 3362 iaciat,
266 3290 342 3349 dnm
363 3291 424 3351 hoc
439 3291 531 3363 lacit,
553 3302 584 3350 et
602 3310 676 3351 mco
693 3288 797 3350 animo
814 3310 909 3370 quam
927 3290 1030 3350 nullos
1044 3310 1172 3353 morsus

137 3392 202 3452 lucc
230 3387 394 3451 maledieta
420 3391 597 3464 concitent,
640 3401 758 3451 tantum
784 3411 889 3469 opere
915 3410 981 3449 non
1003 3390 1172 3469 perderet,

138 3502 252 3553 tantam
280 3490 341 3551 olei
368 3491 539 3570 impensam
565 3513 631 3552 non
658 3490 796 3563 laceret,
836 3512 936 3571 qnnm
957 3490 1076 3553 trustra
1099 3490 1172 3553 lieri

137 3592 271 3652 videret.
324 3591 539 3654 Proscindunt
561 3611 612 3653 me
635 3590 706 3652 heic
730 3589 1009 3670 Jurisprudentes,
1048 3601 1084 3651 nt
1109 3590 1172 3653 sibi

137 3690 304 3766 videntur,
333 3690 645 3771 quidamcerebrosi
669 3690 711 3752 illi
736 3711 772 3751 ac
799 3690 905 3751 stolidi
926 3690 1088 3767 homines,
1126 3691 1173 3753 ob

137 3790 221 3852 Nihil
247 3802 278 3851 et
294 3791 460 3853 Neminem
478 3792 625 3853 fabulam.
669 3790 752 3866 Hui,
780 3790 806 3852 si
822 3791 947 3867 audias,
981 3792 1038 3874 qni
1057 3793 1099 3854 de
1119 3813 1173 3855 me

45 3915 48 3921 ·
137 3911 319 3965 sermones,
351 3912 420 3972 qnae
450 3891 563 3952 fabulae
589 3891 669 3965 sint,
707 3912 802 3972 quam
823 3892 934 3954 infelix
961 3894 1063 3955 Nemo
1090 3905 1173 3958 totas

137 3991 196 4053 sibi
219 3993 300 4053 adeo
321 4011 441 4067 coenas,
475 3992 557 4074 ipsas
583 4012 814 4074 nonnunquam
839 3995 1117 4059 commessationes
1133 3997 1173 4081 †)

136 4136 332 4159 7-·--·

171 4219 200 4286 ⁸)
217 4240 264 4273 vor
281 4228 372 4283 plano:
395 4233 437 4275 oet
453 4232 529 4276 ettam
547 4231 679 4287 beigel‘rtrt.
716 4224 764 4293 ’⁰')
784 4234 876 4278 It'ttn't:
893 4233 962 4279 nihil.
998 4225 1060 4288 ⁴¹⁸¹)
1078 4250 1171 4284 moro:

170 4314 285 4358 retracto.
333 4304 412 4374 ⁸⁴⁸⁸)
430 4318 558 4377 Quorum:
586 4329 691 4374 quorum
739 4308 772 4379 †)
790 4320 859 4375 tpsas
875 4341 909 4352 -
925 4325 1149 4369 corumessattoues
1163 4340 1173 4367 .-

171 4396 226 4453 nu
243 4397 344 4453 repotia.
