2632 5086
337 696 399 778 ad
416 698 508 775 Luc.
526 698 574 773 de
590 698 811 800 Ercnberglr
829 698 1005 800 Epistola
1142 708 1210 785 tlt

170 896 336 962 nobilitate
359 891 513 973 imprimis
532 895 728 974 complures,
756 904 789 956 et
807 893 889 958 inter
907 912 964 957 eor
979 904 1056 958 tuns
1076 914 1099 959 o
1116 904 1207 962 Laco

173 999 267 1061 lrrter
281 1008 422 1072 Petrus,
440 995 496 1078 qui
513 1004 721 1061 Franciscum
738 992 903 1060 ductorem
924 997 1046 1060 adlatus
1064 1008 1111 1061 est
1128 996 1205 1075 lieri,

175 1120 245 1160 cum
263 1100 505 1180 permittemur
524 1095 727 1177 colloquium.
760 1098 926 1161 Habentur
944 1099 988 1160 ibi
1009 1120 1118 1163 omnes
1139 1102 1205 1163 tlte·

178 1198 275 1273 sruri,
306 1209 340 1260 et
371 1220 444 1281 quar
470 1215 543 1260 cara
567 1196 675 1260 habuit
702 1200 881 1277 Tyrannus.
921 1198 1079 1263 Praeterea
1104 1199 1204 1280 ipslua

177 1299 260 1362 liberi
284 1300 449 1361 masculus
476 1309 508 1359 et
534 1301 645 1379 puella.
691 1298 827 1381 Aufugit
850 1299 935 1363 enim
960 1301 1106 1363 omnibus
1131 1310 1203 1382 post

176 1422 206 1462 se
220 1398 362 1475 relictis,
390 1398 503 1479 viginti
522 1420 595 1461 cum
615 1388 776 1482 erinitibus
796 1398 882 1462 solis.
921 1401 985 1480 Oui
1004 1390 1035 1462 in
1055 1400 1202 1481 presidio

175 1516 236 1564 sunt
254 1498 468 1562 conditiones
486 1498 651 1561 nobiscum
667 1499 875 1578 paciscentes,
894 1500 939 1561 sio
951 1501 1072 1564 dedunt
1085 1522 1200 1581 arcem,

175 1602 319 1665 attidem
339 1600 474 1680 exigant
494 1597 649 1674 vicissim,
676 1598 709 1660 in
730 1596 880 1681 principis
904 1598 995 1680 pueri
1016 1612 1203 1683 potestatem

172 1701 235 1765 lore
256 1706 365 1771 lianc,
397 1701 453 1762 ubi
479 1699 670 1774 adoleverit,
703 1722 764 1762 una
786 1722 857 1763 cum
876 1700 914 1763 iis
934 1724 1005 1784 qne
1024 1703 1133 1764 relicta
1158 1703 1202 1767 ibi

172 1816 231 1865 runt
253 1801 425 1865 omnibus.
464 1802 537 1863 Non
559 1801 707 1864 videntur
726 1800 885 1881 accepturi
905 1802 1020 1877 duces,
1041 1822 1203 1884 quaprop-

172 1916 209 1967 ter
226 1902 362 1986 maguis
379 1923 415 1964 se
435 1901 584 1982 operibns
604 1903 685 1964 tucri
706 1912 871 1965 conantur.
910 1904 1089 1983 depurgam
1108 1904 1202 1966 habel

172 2004 325 2085 parricida
363 2002 503 2063 omnium
534 1999 742 2084 nequissimus
773 2002 849 2079 οῖ’)
881 2002 1115 2067 crudelissimus
1144 2011 1200 2068 rto·

172 2114 386 2170 leonhardus
403 2114 441 2166 dc
458 2113 664 2184 Romuleam,
694 2102 796 2186 isqui
816 2124 904 2165 suam
924 2120 1027 2184 nuper
1047 2124 1200 2181 uxorem,

173 2224 301 2287 ermque
323 2203 487 2279 gravidam
508 2214 539 2265 ct
559 2203 713 2278 ancillam,
734 2204 825 2265 etiarn
846 2203 943 2286 ipsam
963 2198 1142 2285 gravirlam,
1164 2223 1201 2267 ae

174 2304 369 2379 ministrum,
396 2304 438 2365 ob
464 2304 571 2365 nescio
600 2325 694 2386 quam
722 2303 837 2366 frivole
863 2314 1018 2383 sumptam
1043 2304 1199 2386 suspicio·

176 2427 255 2481 nem,
286 2426 359 2466 rrno
387 2402 523 2485 impetn,
552 2403 727 2487 eademque
751 2406 828 2467 hora
848 2404 974 2465 occidit.
1013 2404 1076 2467 Sed
1096 2404 1136 2465 de
1156 2424 1197 2471 eo

179 2506 313 2587 presidio
344 2506 529 2568 consuletur
557 2517 675 2586 postea.
716 2507 806 2567 Nunc
832 2502 863 2565 in
884 2511 1067 2587 Tabirrqom
1086 2502 1197 2568 intenti

179 2609 306 2671 omriurn
328 2604 427 2668 animi
446 2617 528 2669 sunt.
574 2604 850 2689 Oppugnabimus,
883 2604 944 2669 nisi
972 2608 1055 2668 ultro
1078 2605 1109 2666 in
1138 2628 1196 2687 po·

177 2718 308 2771 testatem
334 2705 461 2781 veniat,
489 2701 591 2769 modis
618 2704 773 2769 omnibus.
812 2706 928 2768 Fertur
953 2706 1005 2768 ille
1025 2726 1066 2769 ex
1088 2706 1196 2769 Galliis

180 2828 330 2872 accersere
367 2818 398 2868 et
425 2804 549 2869 aliunde
577 2806 709 2882 auxilia,
747 2805 803 2889 scd
833 2807 918 2867 nullo
953 2819 1064 2869 nostro
1098 2819 1195 2869 metui

122 2898 125 2907 ¹
179 2909 232 2972 lam
252 2910 381 2971 hostem
399 2905 482 2969 enirn
501 2902 613 2970 deesse
635 2906 726 2968 nobis
747 2904 926 2989 querimur,
946 2907 1088 2968 exercitu
1110 2906 1194 2983 freti,

180 3014 288 3090 qualern
310 3008 368 3070 diu
390 3029 455 3069 uon
475 3006 554 3070 vidit
575 3006 758 3080 Germania,
779 3006 925 3068 leruntur
945 3016 976 3067 et
997 3006 1193 3085 Svitaeri**)

178 3109 232 3173 huic
253 3132 291 3173 se
311 3109 423 3171 denno
444 3106 616 3171 immiscere
637 3106 786 3190 negotio,
808 3127 919 3186 magna
939 3107 1108 3167 multorum
1125 3127 1192 3187 spe,

178 3209 234 3274 lore
255 3222 293 3273 ut
314 3207 478 3272 eliciantur
498 3207 562 3271 istis
583 3228 600 3270 e
621 3207 792 3269 montibus,
841 3205 877 3267 ln
897 3226 1023 3268 omnem
1043 3219 1193 3272 eventurn

178 3311 293 3375 consilia
313 3318 387 3373 sunt
408 3320 439 3370 et
459 3306 557 3389 copia·
578 3316 650 3370 sunt
670 3307 702 3368 in
722 3307 835 3368 mirum
857 3308 986 3369 modurn
1005 3327 1193 3372 numerosae.

178 3409 317 3474 Proxime
347 3428 418 3470 cunr
448 3410 631 3470 lustraretur
656 3408 834 3483 exercitus,
871 3428 963 3470 censa
985 3410 1058 3470 runt
1078 3426 1192 3474 eorntu

179 3513 217 3592 pi
244 3510 404 3592 stipendia
430 3508 568 3585 laciunt,
602 3508 742 3588 peditum
769 3506 897 3590 quidem
925 3506 1019 3570 millia
1045 3508 1190 3589 XXVI„

122 3660 126 3689 ,
179 3612 309 3694 equitnm
341 3608 413 3671 llll.
440 3605 543 3671 millia.
583 3610 660 3670 Nam
688 3608 800 3687 ingens
825 3607 992 3670 multitudo
1021 3628 1085 3669 non
1113 3630 1191 3671 con·

121 3708 126 3751 Ψ
177 3712 355 3792 scriptorum
390 3708 559 3792 sequitur,
593 3730 686 3792 qnam
717 3709 776 3770 vt.
807 3706 936 3770 millium
970 3728 1039 3772 erse
1070 3710 1189 3773 lerunt.

120 3760 126 3839 l
177 3808 313 3874 Omnium
340 3809 415 3872 nibil
439 3810 535 3872 hebes
562 3821 614 3871 aut
641 3810 820 3883 inllrmum,
849 3808 926 3871 mira
946 3808 1108 3881 alacritas,
1141 3806 1189 3868 iu·

175 3914 313 3977 credibile
334 3911 443 3975 robur.
483 3912 564 3973 Date
584 3909 658 3971 milri
679 3908 816 3984 'l'urcas,
838 3915 869 3970 et
887 3908 993 3970 Asiam
1012 3905 1121 3988 jubete
1139 3906 1187 3969 bis

174 4015 259 4096 copiis
275 4014 441 4093 impetere.
480 4011 636 4075 Praeterea
651 4006 797 4072 machine
810 4018 899 4082 sunt,
919 4019 950 4070 et
964 4024 1060 4087 opera
1076 4002 1187 4067 bertier

173 4109 410 4179 instructissime.
459 4110 528 4174 Vor
556 4112 676 4174 interea
700 4107 908 4191 providebitis
935 4101 1066 4186 imperio
1094 4102 1184 4179 istic,

179 4232 359 4251 Q-—nh

203 4318 231 4381 ‘l
244 4337 288 4375 et:
308 4340 346 4375 tt.
381 4318 430 4391 ¹⁸⁴)
451 4330 561 4375 Solmrt
573 4340 585 4373 .·
603 4325 716 4377 llelvelll.

175 4440 234 4490 rur
252 4442 293 4503 0,.
312 4446 338 4491 r.
357 4442 400 4491 nr.
850 4422 893 4489 l⁰
