2632 5086
335 698 462 774 Febris
487 700 655 783 Secunda
679 702 860 806 Dialogus
1032 723 1101 797 399

496 895 688 959 Hutten.

156 992 230 1071 Quo
251 989 331 1053 illo?

511 1093 673 1168 Febris.

154 1192 334 1271 Multiplici.
382 1194 462 1256 Nam
487 1199 695 1276 praeterboe,
727 1205 816 1284 quod
836 1205 1024 1277 nobiliorem
1052 1206 1105 1270 stn'

79 1303 198 1371 portem
230 1293 361 1354 ommam
392 1296 529 1374 perdunt
557 1300 793 1379 concubinarii,
825 1307 923 1367 adbuc
950 1328 1015 1388 quo
1041 1309 1102 1374 illis

79 1402 219 1478 placeant
239 1397 377 1458 ainieulis
399 1395 481 1468 suis,
510 1397 613 1458 timulo
635 1419 731 1480 opero
757 1415 819 1478 est,
847 1418 880 1467 ut
900 1419 932 1466 et
952 1408 1033 1468 laute
1054 1410 1100 1471 vi·

79 1500 201 1571 vendo,
224 1518 259 1555 ae
279 1496 444 1557 vestiendo
465 1500 557 1566 multo
578 1497 746 1576 insumant,
776 1516 808 1564 et
827 1507 922 1567 nimio
946 1510 1099 1570 obscoeni-

78 1599 145 1660 totis
161 1622 220 1660 usu
240 1598 383 1677 eorporis
403 1596 487 1657 vires
504 1608 679 1674 attenuent,
701 1603 815 1664 deiude
836 1605 1100 1672 existimationem

77 1700 214 1783 quisquo
236 1720 323 1761 suom
346 1697 464 1758 illorum
485 1718 591 1761 amore
612 1698 642 1760 iu
662 1721 800 1783 preceps
820 1704 912 1766 focile
931 1705 1046 1787 objicit.

495 1816 526 1874 Il
541 1837 561 1874 u
576 1827 587 1872 t
600 1826 611 1876 t
622 1835 639 1874 e
652 1838 684 1885 u,

147 1915 248 1999 Igitur
269 1914 374 1975 omnia
392 1914 529 1992 perdunt
551 1915 743 1979 concubinas
764 1917 816 2001 qui
836 1919 972 1985 fovent?

512 2029 664 2093 Febris.

150 2131 312 2214 Siquidem
331 2129 429 2194 dediti
448 2131 505 2192 illis
528 2142 614 2205 sunt,
633 2151 699 2217 uon
718 2133 813 2195 video
835 2135 912 2219 quid
930 2139 1096 2206 retineant.

494 2246 677 2309 Hullen.

148 2348 253 2412 Facile
273 2347 445 2410 extorseris
465 2348 597 2409 miseros
619 2366 655 2411 ut
672 2349 784 2412 dicam.

505 2463 663 2526 Febris.

146 2565 189 2626 Ut
215 2562 324 2625 diens?
350 2565 402 2626 An
428 2574 500 2626 sunt
528 2564 582 2625 ulli
613 2563 810 2650 miseriores,
844 2585 939 2648 quom
966 2565 1021 2648 qui
1047 2564 1094 2627 sic
1138 2566 1141 2571 ’

72 2665 205 2739 vivunt,
234 2675 269 2725 ut
294 2663 326 2725 in
351 2674 431 2724 tanta
458 2675 505 2723 tot
529 2683 637 2726 rerum
655 2661 774 2744 jactura
799 2666 903 2728 animo
930 2687 1094 2750 nunquam

71 2766 134 2829 siut
159 2764 289 2847 tuileto,
317 2775 425 2845 pacato
454 2764 638 2849 nunquam?
664 2787 736 2831 eum
765 2767 820 2830 fiui
843 2767 921 2841 nihil
948 2768 1031 2831 cirea
1057 2787 1093 2829 se

71 2867 222 2930 videant?

479 2985 664 3047 Huttett.

142 3083 239 3164 Quod
264 3082 297 3145 in
316 3104 486 3145 numerosa
510 3084 558 3144 illa
578 3084 776 3146 sacerdotum
796 3080 911 3145 lanitia
930 3085 1013 3147 lidus
1030 3082 1090 3149 illie

65 3207 159 3248 nemo
174 3184 228 3258 sit,
244 3195 441 3263 compertum
453 3183 567 3246 babeo.
602 3186 680 3265 Quae
693 3203 749 3246 eos
764 3185 863 3248 turbu
876 3195 974 3265 agunt
987 3181 1090 3245 vero?

504 3299 657 3362 Febris.

140 3401 281 3463 Infinitae.
312 3387 391 3461 'Sed
422 3402 530 3479 paucis
558 3411 590 3461 ut
611 3402 732 3476 (licam,
761 3402 808 3462 illa
834 3412 881 3461 est
904 3399 949 3461 ibi
972 3397 1090 3462 amoris

65 3524 84 3563 a
104 3501 217 3563 Plauto
235 3502 390 3564 intellecta
406 3500 594 3562 carnificina.
631 3502 682 3562 Sic
697 3502 780 3582 apud
797 3499 884 3563 illum
898 3499 940 3563 eit
955 3511 1088 3562 amator:

135 3620 195 3692 Qui
217 3621 335 3674 ornnet‘s
350 3618 494 3674 homines
510 3634 640 3688 supero,
666 3623 759 3688 atque
776 3618 903 3676 aritideo
928 3614 1086 3672 cruciabi-

594 3715 595 3719 ’
730 3707 873 3766 litoribus
895 3710 1017 3777 animi,

133 3821 264 3886 ductor,
293 3825 435 3891 crucior,
454 3823 579 3894 aqitor,
595 3823 763 3891 stimulor,
781 3834 892 3873 versor
908 3817 943 3871 in
962 3817 1085 3877 amoris

638 3923 713 3972 rota
732 3915 845 3979 miser,

128 4024 331 4094 Exanimor,
342 4024 457 4094 seror,
481 4023 637 4096 diffie-or,
652 4023 840 4091 distrahor,
858 4018 1014 4090 diripiam
1034 4020 1083 4075 ita

723 4117 847 4171 nullm
865 4121 996 4168 ttteiitem

129 4227 242 4281 Animi
271 4224 388 4293 tabeo,
415 4225 468 4290 ulli
484 4244 571 4297 sum,
596 4223 642 4289 tbi
656 4242 720 4279 non
743 4241 831 4292 sum,
847 4219 901 4279 ubi
917 4238 982 4276 uon
999 4235 1079 4291 sum,

721 4315 767 4374 tbi
785 4316 973 4372 astabimus
