2618 5094
213 1189 377 1284 Pbiiippo
403 1187 697 1279 Meianchlhoni‚
732 1188 930 1275 BrettauO,
958 1190 1087 1284 juveni
1112 1190 1234 1259 erudi-

300 1312 456 1401 sissimo,
483 1334 548 1381 suo
574 1310 692 1382 amico
716 1308 956 1381 desiderabili
972 1310 1143 1381 Salutem.

626 1478 793 1495 -φ--ι

211 1581 392 1695 Epistolam
405 1615 484 1675 hanc
497 1612 552 1675 diu
567 1623 616 1675 est
630 1613 719 1694 qrrod
736 1611 862 1691 scripsi,
888 1631 973 1672 mmc
986 1611 1153 1673 remittitur
1166 1632 1228 1672 ma-

206 1715 236 1776 ic
248 1726 356 1777 curata
370 1736 429 1794 pcr
440 1734 513 1783 ecs,
534 1713 649 1797 quibus
665 1713 868 1775 credideram.
903 1717 981 1793 Quae
996 1714 1037 1773 dc
1053 1719 1228 1774 Francisco

208 1814 318 1898 scripsi
336 1820 477 1875 Luthero
496 1812 714 1896 significanda,
736 1834 842 1894 queso
856 1814 898 1876 iiii
918 1834 1056 1893 propere
1072 1814 1227 1874 inaurem

205 1916 275 1992 dic,
297 1914 393 1977 itaut
412 1937 453 1977 ue
471 1935 555 1977 ame
568 1912 722 1999 quispiam
742 1915 852 1977 hocin
872 1916 1002 1997 negotio
1021 1914 1227 1974 intercessum

206 2015 362 2077 resciscat.
401 2014 504 2078 Causa
516 2027 584 2092 est,
604 2036 696 2097 quam
710 2034 775 2075 nou
788 2013 871 2093 capit
882 2016 1023 2093 epistola.
1044 2014 1074 2073 Si
1087 2014 1225 2083 laborm,

205 2117 277 2177 nihii
286 2131 333 2177 est
350 2116 439 2196 qarod
449 2114 580 2176 aliorum
594 2126 712 2196 querat
723 2114 873 2176 subsidia.
914 2115 976 2175 Hic.
988 2117 1070 2176 salus
1078 2125 1136 2176 est.
1164 2117 1226 2175 Hic

203 2216 325 2299 agitur,
359 2225 395 2275 ut
414 2214 612 2277 securissime
632 2218 728 2297 possit
745 2216 884 2277 medium
901 2215 1034 2296 digitum
1054 2216 1225 2278 ostendere

203 2316 350 2379 omuibus
372 2313 437 2378 suis
465 2315 591 2377 emulis.
643 2316 769 2396 Magne
786 2316 860 2377 mihi
880 2326 912 2376 et
934 2336 1086 2398 perquam
1109 2336 1224 2391 suaves

202 2440 274 2481 cum
289 2423 464 2479 Francisco
480 2419 615 2478 rationes
635 2429 718 2480 sunt.
757 2417 790 2478 Si
811 2418 952 2490 adesses,
978 2437 1085 2476 coram
1104 2417 1224 2499 aiiquid

202 2520 369 2582 effutirem.
411 2518 516 2599 Spero
534 2519 615 2578 maie
633 2517 776 2579 futurum
798 2515 954 2591 barbaris,
986 2527 1017 2576 et
1043 2519 1223 2580 Romanum

202 2619 256 2701 qui
267 2620 414 2680 adferunt
427 2616 538 2698 jugum
551 2618 707 2680 omuibus.
735 2617 815 2678 Mihi
830 2637 914 2677 nunc
928 2616 1045 2695 dialogi
1057 2617 1224 2679 excudun-

200 2728 268 2777 tur:
290 2718 383 2779 'l'rias
400 2718 544 2779 Romana
556 2730 586 2779 et
605 2718 826 2799 inspicientes,
848 2716 978 2778 miriiicc
991 2717 1080 2779 iiber-i
1094 2718 1127 2779 iu
1140 2739 1222 2797 pon·

202 2815 316 2877 tificcm
346 2815 520 2896 presertim
551 2828 582 2879 et
606 2818 782 2881 Germanis
804 2818 1053 2897 depeculatorem
1109 2815 1221 2880 Credo

197 2915 347 2995 probabis
363 2927 416 2977 aut
434 2917 565 2979 omniuo
592 2939 656 2978 non
679 2917 882 2998 improbabis.
925 2921 1099 2976 Luelzerum
1123 2939 1220 2981 moue

197 3026 268 3078 arrre
285 3016 399 3079 omnia.
446 3017 571 3098 Quodsi
588 3020 638 3080 vei
654 3019 686 3081 in
703 3018 802 3079 dubio
821 3017 984 3099 negotium
1003 3018 1137 3081 bominis
1154 3029 1219 3092 est,

196 3128 261 3180 lum
276 3116 353 3198 jube
371 3118 490 3193 statim,
511 3120 644 3181 utnulla
663 3118 846 3199 interposita
856 3139 944 3180 mora
961 3118 999 3178 ad
1014 3117 1220 3179 Franciscum

193 3238 230 3279 se
240 3218 395 3280 conserat.
416 3218 453 3279 ln
467 3220 517 3280 via
531 3229 639 3300 posset
653 3217 844 3292 viderem,
865 3219 921 3280 sed
933 3219 1066 3300 ignoro,
1088 3238 1126 3279 an
1141 3229 1218 3279 tuuc

193 3314 320 3376 iutruus
339 3316 389 3376 hic
405 3317 474 3377 sim.
512 3319 724 3398 Equitandum
741 3319 824 3378 enim
842 3330 889 3379 est
908 3339 1027 3399 paucos
1047 3328 1119 3398 post
1135 3319 1217 3379 dics.

192 3412 294 3475 Fulda
306 3413 365 3475 iter
377 3413 485 3489 saciet,
517 3437 554 3477 ea
567 3417 629 3478 tab.
650 3418 770 3494 (foetet
791 3416 912 3487 tribus)
939 3419 1011 3479 hinc
1032 3417 1217 3481 milliaribus

191 3513 298 3590 abest,
315 3512 359 3575 ibi
370 3513 451 3574 sciet
467 3535 505 3575 an
518 3514 576 3576 sim
591 3517 680 3579 domi
694 3520 778 3597 apud
794 3520 947 3597 hospitem
959 3517 1072 3578 domus
1082 3518 1216 3593 Ursiuae,

191 3630 233 3687 zu
250 3612 322 3675 dem
342 3613 456 3676 B'a'ren.
503 3615 537 3677 Si
556 3637 607 3678 me
627 3618 799 3689 invenerit,
827 3617 942 3678 viatico
961 3617 1089 3678 donabo
1109 3617 1213 3690 etiam,

190 3710 247 3811 irbi
263 3732 343 3792 opus
356 3712 427 3777 erit.
458 3716 620 3800 Quicquid
634 3718 703 3792 fret,
724 3729 757 3777 tu
773 3718 849 3778 mihi
861 3718 1022 3797 responde
1031 3716 1215 3791 celerrime,

169 3814 248 3903 eye!
267 3812 399 3876 Fuldam
430 3816 556 3879 mittens
586 3817 674 3901 quod
703 3817 837 3892 scribes,
876 3821 926 3877 vel
953 3817 1214 3899 Megdcburgum

76 3994 84 4005 .
189 3911 222 3979 id
245 3917 346 3977 auiam
375 3914 415 3977 ad
441 3922 660 3978 Tillrnaunrun
684 3924 825 3992 heich,
861 3918 917 4001 qui
942 3919 1090 3981 sacerdos
1118 3934 1165 3982 est
1193 3937 1213 3978 a

189 4015 376 4077 ceremoniis
397 4014 558 4096 principis.
599 4016 790 4096 Obsiguabis
806 4038 884 4079 vero
900 4021 1115 4098 epistolariae
1131 4021 1211 4082 meis

188 4114 389 4192 aperiendam
403 4117 545 4178 manibus
558 4117 734 4196 deputabis.
754 4120 851 4191 Vale,
874 4118 915 4179 11.
931 4117 1085 4182 Calendas
1099 4120 1210 4183 Martii

188 4210 220 4273 iu
241 4232 313 4275 arce
338 4216 506 4276 Huttenica
527 4217 761 4299 Sleckeibergk.
783 4220 899 4294 (1590.)

262 4314 341 4397 Agit
360 4314 431 4376 istic
451 4317 627 4376 Bolthasar
643 4323 803 4392 Facchus,
824 4319 941 4381 amicus
960 4341 1049 4381 meus
1066 4333 1158 4380 vetus
1175 4331 1207 4380 et

186 4412 302 4487 eximie
320 4413 458 4495 probus,
480 4414 639 4478 homiuem
660 4420 759 4480 saluta
775 4432 913 4481 amanter
930 4441 977 4481 ex
991 4441 1051 4483 mc.

616 4528 784 4553 *nt-nn·—
