2632 5086
794 426 808 467 ἐ

175 514 187 543 t
266 508 273 521 .

129 754 203 837 bob
456 748 621 831 Fortuna
642 752 829 854 Dialogus
1103 682 1135 763 ⁴
1191 760 1195 765 '

126 970 206 1035 {asni
224 960 283 1015 tuo
306 948 421 1011 favore
442 956 530 1011 tutus
552 945 613 1010 arbi
640 945 821 1022 viderenrr,
851 944 898 1008 ob
918 943 1019 1030 idque
1037 945 1163 1009 exulta·

128 1032 261 1117 'buum
280 1051 475 1124 confideret,
503 1066 541 1109 ae
562 1067 685 1109 summo
714 1047 855 1110 omniurn
874 1045 959 1108 oirea
980 1055 1067 1107 metu
1090 1064 1164 1108 rem

130 1151 234 1217 exitio
251 1149 372 1223 miritis,
392 1147 749 1211 communi-Germania
769 1146 914 1228 periculo
940 1144 1081 1209 futuram
1104 1165 1164 1229 ag·

130 1252 340 1335 grederenrr,
359 1249 465 1311 subito
482 1248 571 1333 quasi
598 1248 737 1331 quodam
760 1247 842 1311 ictus
857 1247 990 1312 fulmine
1008 1244 1164 1321 concidit,

133 1371 171 1415 ao
192 1360 368 1435 prostratus
391 1348 451 1412 es't.
1172 1349 1176 1355 ’

552 1447 744 1510 Fortuna.

207 1547 332 1614 Dabant
349 1550 412 1612 boa
427 1568 528 1612 casus.
590 1594 594 1599 -

563 1648 726 1711 Hutten.

208 1750 254 1816 At
274 1752 332 1813 hos
351 1750 440 1813 Deus
463 1748 669 1829 gubernabat.

548 1849 754 1912 Fortuna.

207 1949 308 2012 lmnro
325 1969 392 2010 non
410 1961 517 2010 essent
540 1970 649 2023 casus,
678 1950 704 2012 si
731 1969 787 2011 eos
808 1960 935 2033 regeret
963 1948 1097 2034 aliquis,
1126 1970 1168 2012 an

132 2049 300 2114 eonsilium
318 2070 388 2113 esse
407 2049 439 2111 in
458 2051 598 2113 fortuitis
620 2052 725 2112 ul’unn
737 2051 869 2130 potest?

562 2151 728 2212 Hutten.

209 2251 253 2315 At
274 2247 442 2313 fortuitum
460 2251 524 2313 hoe
541 2271 607 2315 non
631 2249 709 2324 tuit,
739 2251 797 2312 sod
816 2250 978 2337 quoddam
995 2248 1096 2311 eredo
1116 2246 1168 2312 di-

133 2349 244 2415 vinum
266 2349 444 2414 comitium.

547 2450 740 2513 Fortuna.

207 2554 282 2615 Non
300 2551 447 2631 disputo,
467 2549 520 2613 itte
539 2571 618 2613 vero
637 2549 665 2613 si
683 2561 858 2632 remergat,
876 2547 958 2633 'quid
978 2566 1049 2613 esse
1063 2549 1168 2628 dices,

134 2606 321 2726 casandri
341 2649 602 2731 providentiam?

560 2751 734 2813 Hotten.

205 2849 272 2912 Per
286 2850 375 2914 Deos
392 2851 475 2914 haud
492 2850 566 2915 satis
583 2850 668 2928 scio,
688 2872 749 2914 neo
764 2851 834 2914 ilios
849 2852 931 2916 scire
947 2838 1066 2927 viden,
1086 2869 1164 2914 acu-

130 2948 250 3014 tissime
270 2951 332 3013 boe
354 2950 410 3034 qui
435 2951 610 3033 disputant,
640 2973 712 3015 nam
731 2953 823 3015 bonis
847 2953 972 3035 quoties
995 2953 1077 3014 bene
1102 2964 1164 3030 est,

130 3049 199 3114 Itis
230 3051 347 3114 habere
381 3050 512 3135 gratiam
543 3050 676 3133 jubent,
711 3052 767 3136 qui
800 3070 875 3115 suos
906 3051 1101 3132 respiciant,
1134 3051 1161 3115 si

130 3153 260 3233 qnando
289 3154 390 3228 male,
411 3152 517 3215 Deum
539 3172 609 3216 esse
629 3151 737 3232 ajunt,
762 3152 818 3235 qui
838 3172 914 3215 suos
935 3163 1082 3214 exerceat
1106 3172 1162 3233 pa·

130 3251 263 3322 tierrtiss,
285 3263 317 3313 et
335 3251 573 3334 aequanimitatis
599 3252 851 3332 experimentum
873 3252 914 3313 de
943 3252 1001 3314 illis
1020 3273 1161 3327 sumens,

45 3350 49 3357 '
129 3363 241 3413 eontra
261 3351 348 3412 matis
376 3372 446 3433 quaa
474 3352 607 3416 aduersa
630 3352 836 3435 contingunt,
862 3373 985 3433 poennnr
1005 3353 1163 3434 interpre-

128 3460 256 3523 tantur,
281 3450 388 3533 siquid
416 3471 571 3534 prospere
598 3451 693 3517 eadit.
738 3451 826 3517 Audi
849 3472 933 3515 vero.
949 3467 1013 3536 qua
1040 3453 1165 3519 subtiti-

128 3562 192 3613 tate
218 3562 351 3613 euentus
375 3550 529 3615 rationein
549 3552 718 3628 adserunt,
737 3553 858 3628 Deum,
873 3551 977 3633 ajunt,
1000 3553 1087 3616 bona
1105 3555 1166 3618 irn-

128 3650 239 3733 probis
263 3653 358 3727 dare,
386 3662 420 3715 ut
447 3654 488 3716 ad
511 3652 623 3716 meiius
644 3654 828 3736 degendam
847 3654 944 3718 uitam
965 3654 1164 3737 benignitate

128 3772 203 3828 eos,
225 3764 256 3815 et
272 3751 481 3815 beneficentia
498 3753 627 3831 invitet,
647 3766 734 3817 reote
752 3755 905 3832 arbitror,
925 3755 988 3818 nisi
1000 3754 1162 3823 invidiose

128 3855 190 3917 boo
212 3864 343 3934 agerent
367 3854 530 3937 plerique,
558 3854 597 3918 ab
623 3867 740 3918 eventu
763 3856 941 3919 aestimanda
962 3857 1055 3937 plane
1077 3857 1163 3921 farta

69 3957 73 3969 '
128 3965 285 4036 putantes.
325 3956 404 4016 nam
424 3955 619 4032 misouerit,
640 3957 833 4039 siprospere
848 3958 957 4032 cedat,
977 3959 1160 4023 necessario

127 4056 211 4119 bene
230 4077 298 4119 esse
313 4057 400 4119 bono
420 4057 528 4136 ajunt,
549 4059 638 4141 qrrssi
652 4059 714 4121 hoe
727 4058 816 4120 factis
837 4058 990 4121 continuo
1005 4059 1161 4124 meruerit

127 4153 197 4230 itte,
218 4159 318 4239 qualis
336 4157 437 4241 quatis
455 4169 517 4236 est,
538 4159 564 4222 si
582 4160 762 4235 infeliciter,
785 4181 867 4243 quos
882 4171 979 4236 amnt,
996 4161 1159 4245 inquiunt,

127 4270 257 4321 exercet
290 4260 388 4324 Deus.
429 4261 541 4342 Neque
569 4262 610 4324 de
634 4260 767 4324 inirniris
795 4261 869 4323 item
895 4263 982 4326 aliter
1003 4260 1159 4343 judicant,

128 4360 245 4441 quibus
270 4359 311 4423 ad
338 4371 415 4423 vota
437 4360 623 4426 habentibus
650 4363 778 4438 omnia,
808 4361 891 4426 mille
914 4363 960 4426 ibi
983 4364 1157 4431 sententias
