2632 5086
151 802 196 869 aa
432 794 488 868 aa
512 795 616 869 anu
642 740 894 885 pirckhamer

148 987 248 1071 magis
267 988 407 1053 abfuisse
421 991 484 1053 boc
500 1009 603 1063 anno,
627 1008 721 1070 quam
735 987 774 1048 ab
791 987 843 1049 illa
860 986 1037 1051 studiorum
1053 986 1178 1068 quiete:

149 1099 182 1150 et
209 1099 315 1152 tamen
346 1090 524 1154 studiosum
552 1090 651 1152 fuisse
685 1088 865 1168 plurimum·
919 1089 963 1151 At
987 1086 1098 1150 babuit
1128 1086 1178 1149 hic

149 1211 249 1254 annus
267 1191 400 1253 multum
414 1213 496 1253 curae
510 1202 543 1251 et
560 1189 783 1264 solicitudinis,
804 1190 880 1251 dum
893 1208 944 1250 me
959 1187 1081 1263 vestio,
1100 1188 1178 1251 dum

149 1276 292 1367 exorno,
332 1293 409 1356 dum
435 1291 628 1356 caerimonias
658 1290 773 1352 aulicas
803 1288 927 1364 edisco,
968 1298 1001 1349 et
1027 1287 1177 1363 curialem

148 1394 341 1476 disciplinam
359 1393 496 1455 imbib0:
525 1393 602 1457 dum
627 1412 677 1453 me
696 1389 803 1453 aulicis
826 1389 968 1468 moribus
984 1398 1074 1468 apto:
1102 1390 1178 1453 dum

127 1518 130 1525 ’
147 1494 240 1579 equis
257 1515 292 1555 ac
307 1495 400 1556 armis
419 1494 561 1556 instruo:
582 1491 718 1574 ejusque
737 1490 784 1564 rei
800 1488 900 1571 gratia
911 1488 1044 1550 ubilibet
1061 1486 1176 1552 anticos

148 1614 184 1656 ac
198 1594 397 1678 propinquos
414 1594 569 1669 sollicito,
590 1603 622 1655 et
638 1594 668 1666 a)
687 1589 856 1672 cujuslibet
873 1611 1004 1672 operam
1022 1590 1177 1681 deposeo3
1210 1678 1214 1685 ¹

148 1713 185 1756 ac
201 1695 251 1769 aa)
270 1692 339 1776 ipse
357 1716 452 1771 curro
470 1705 501 1756 et
521 1694 682 1767 discurro,
706 1713 804 1779 quare
826 1711 890 1751 non
907 1691 950 1751 ita
969 1688 1178 1766 multorum)

148 1794 368 1875 adempturum
387 1793 463 1857 mihi
484 1792 581 1866 studii
599 1792 757 1875 reliquum
780 1803 903 1871 tempus
922 1802 1041 1853 metuo.
1081 1790 1178 1855 Certa

144 1896 296 1957 hactenus
317 1895 399 1957 bene
420 1893 531 1967 cessit,
568 1903 691 1954 namet
713 1892 829 1953 amicos
854 1890 985 1953 salutavi
1003 1892 1116 1967 literis,
1145 1902 1177 1953 et

143 1994 208 2077 legi
222 2014 257 2053 ac
270 1993 382 2074 scripsi
399 2004 494 2076 atque
508 1992 597 2066 iiii)
615 1992 751 2074 aliquot,
779 2003 815 2053 ut
831 1991 920 2051 vides
941 1995 1094 2069 opuscula
1111 1994 1176 2053 eln-

144 2092 286 2155 cubrasi.
326 2095 474 2173 Quorum
495 2112 581 2152 ntrnc
608 2092 793 2155 Orationem
817 2093 857 2153 ad
879 2091 1044 2173 Principes
1061 2094 1178 2153 exhor·

143 2193 288 2275 tatoriam
306 2194 397 2255 mitto
411 2195 451 2254 ad
463 2204 494 2257 tc
510 2192 616 2267 ii''⁴⁴³''·*)
638 2192 762 2255 editam.
783 2193 826 2253 Ut
837 2193 1024 2272 scripseras,
1045 2188 1178 2273 inquis?

144 2294 290 2357 Minime.
329 2297 436 2377 Atque
451 2297 513 2356 boc
536 2305 603 2368 est,
634 2295 722 2376 qnod
741 2295 854 2365 doleo,
882 2314 947 2356 non
969 2293 1065 2352 licere
1084 2290 1176 2366 mibi,

144 2395 232 2478 qnod
250 2415 332 2475 opus
347 2394 485 2466 maxime
499 2394 579 2470 fuit,
600 2397 661 2456 hoc
674 2404 817 2473 tompore
828 2393 936 2475 loqui,
957 2404 1011 2454 aut
1024 2391 1176 2454 scribere.

143 2493 261 2557 Manca
287 2506 335 2555 est
361 2496 472 2578 igitur3
514 2506 547 2556 ct
576 2507 695 2573 partem
722 2494 770 2556 sui
800 2494 963 2554 meliorem
989 2516 1047 2573 per
1075 2494 1176 2571 Deos,

144 2614 280 2676 quaeque
301 2594 443 2676 inprimis
463 2595 636 2656 desiderari
652 2596 770 2676 potnit,
792 2593 902 2654 infelix
923 2594 973 2654 illa
988 2595 1176 2657 declamatio

141 2693 300 2770 perdidit;
334 2683 400 2755 non
423 2693 503 2755 vitio
530 2694 658 2776 quidem
685 2715 775 2770 meo,
807 2695 863 2756 sed
888 2716 1020 2759 eorum,
1058 2696 1115 2777 qui
1135 2717 1178 2759 ne

140 2812 229 2855 suam
244 2792 374 2875 quidem
387 2814 512 2857 causam
528 2794 628 2855 libere
641 2794 692 2876 agi
713 2793 878 2859 sustinent.
910 2795 1003 2857 Adeo
1020 2795 1122 2856 invisa
1135 2798 1175 2870 †)

139 2912 192 2954 res
217 2903 266 2956 est
284 2894 345 2954 hoc
371 2905 515 2976 tempore
544 2895 673 2958 dicendi
703 2895 839 2967 libertas.¹
889 2896 983 2956 Adeo
1006 2895 1178 2970 Germania

139 3010 210 3067 esse
230 2992 324 3056 desiit
349 2992 535 3056 Germania:
564 3007 596 3059 et
619 3015 704 3056 nunc
726 2993 895 3073 plurimum
909 2995 971 3068 ††)
999 2994 1176 3073 probatur,

140 3091 196 3174 qui
228 3093 373 3168 facillime
408 3095 565 3157 adsentari
600 3095 789 3165 consuevit3
834 3107 944 3159 contra
977 3094 1055 3155 odio
1084 3094 1177 3176 digni

139 3192 308 3270 videntur,
340 3196 397 3278 qui
424 3195 550 3257 veritati
571 3195 708 3258 student.
797 3198 840 3274 qd
868 3193 891 3256 δ’
919 3194 1052 3272 dvorsatr
1078 3192 1179 3276 dvdgo's

139 3289 225 3370 ἶργον
245 3294 368 3370 ripaduun
388 3296 420 3354 sd
439 3297 476 3363 μή
498 3293 625 3364 cibabis,
657 3299 730 3357 tanat
752 3302 840 3374 μέγας
859 3296 1021 3364 ἀνθιστῆται
1042 3294 1175 3364 κίνδυνος,

139 3388 320 3471 drapocs'vm·
373 3394 437 3458 Sed
466 3396 542 3460 mihi
554 3440 563 3474 ,
598 3396 625 3457 si
656 3398 840 3479 dignitatem
867 3399 983 3460 habere
1010 3400 1109 3472 volo,
1140 3409 1176 3461 et

137 3495 233 3561 vitam
262 3497 380 3559 babere
405 3497 431 3558 si
458 3500 553 3573 volo,
592 3499 728 3560 officium
755 3497 834 3559 honi
860 3499 921 3560 viri
949 3498 1079 3578 implere
1105 3518 1173 3560 non

137 3598 220 3661 licet.
259 3598 384 3666 Verum
397 3599 483 3673 †††)
503 3600 574 3679 plus
592 3598 689 3662 nimio
710 3599 750 3659 de
773 3599 831 3672 iis,
848 3600 958 3669 ††††)
985 3618 1055 3679 quae
1079 3599 1172 3660 dolo·

116 3719 205 3773 ,rem
230 3699 416 3762 exulcerant
438 3718 562 3760 meum:
597 3719 802 3783 quorumque
821 3699 853 3758 in
871 3697 1171 3776 contemplationem

137 3797 165 3860 si
189 3818 240 3858 me
263 3797 424 3867 demittam
443 3798 586 3879 penitus,
621 3819 688 3868 non
706 3797 888 3878 probavero
908 3808 1048 3871 tantum,
1081 3798 1173 3879 quod

136 3908 172 3961 tu
189 3897 323 3973 suades,
345 3909 382 3960 ut
396 3899 472 3978 mihi
495 3910 526 3960 et
536 3898 641 3961 Musis
663 3898 789 3974 vivam,
813 3898 870 3960 sed
891 3897 1059 3963 confestim
1076 3897 1170 3960 etiam

136 4014 172 4057 ac
195 4008 346 4076 repente,
380 3997 408 4062 si
428 3998 538 4073 liceat,
574 4000 758 4080 aggredian¹
791 4016 988 4080 quanquam,
1020 4009 1058 4068 ut
1076 3999 1171 4078 plane

171 4226 202 4294 ‘)
221 4243 266 4282 et:
285 4248 320 4281 ae
357 4225 469 4286 “lact
488 4237 519 4287 el.
538 4243 583 4282 et:
602 4248 636 4283 ae.
672 4226 870 4296 “Quintanas
889 4236 950 4294 plus.
979 4225 1169 4297 **”)ntpue.··

171 4322 203 4364 et.
238 4309 331 4379 m)
350 4324 382 4366 aa
400 4328 444 4367 te:
472 4320 522 4377 stat.
557 4312 589 4380 †)
615 4325 720 4368 inorsa:
748 4317 849 4376 turrae.
886 4314 933 4378 ᾗ)
949 4325 1105 4374 plurimum:
1133 4320 1169 4367 tu

171 4401 290 4459 clusura.
327 4395 393 4466 †††)
413 4407 528 4453 rerum:
547 4404 577 4453 u
594 4406 653 4459 sam.
688 4398 769 4466 †††t)
788 4408 816 4463 as
837 4409 891 4451 us:
909 4406 939 4452 as
958 4405 1002 4451 ua.
