2632 5086
358 160 362 169 ι

718 291 722 299 ι
753 293 759 299 .

721 436 726 447 1
924 428 928 435 .

243 807 313 879 608
347 801 405 875 Ad
422 824 552 875 omnes
568 801 605 874 in
618 800 817 875 Germania
828 800 1018 900 Principes
1036 814 1109 878 ete.
1125 806 1242 904 epist.

229 996 341 1060 -stisnn
360 995 549 1108 preberent.
586 995 692 1075 Quum
710 996 791 1071 hnc,
818 992 965 1077 inquam,
992 1016 1149 1074 conarer,
1170 1010 1274 1084 atque

239 1098 301 1158 lmc
321 1096 442 1171 animo,
460 1097 520 1160 bae
537 1115 613 1177 spe,
633 1096 689 1157 hee
715 1095 777 1156 lide
797 1115 950 1172 conarer,
968 1117 1038 1159 earn
1055 1099 1159 1162 statim
1181 1102 1273 1167 sensi

237 1196 401 1261 bominum
418 1194 682 1269 commotionem,
710 1216 780 1279 qun
799 1215 870 1258 esse
889 1197 985 1269 solet,
1018 1199 1145 1282 quoties
1170 1202 1272 1268 novis

238 1300 384 1362 studetur
416 1297 531 1372 rebus,
570 1307 624 1359 aut
652 1280 756 1378 aliqua
786 1295 925 1358 imminet
954 1297 1081 1410 publico
1116 1290 1270 1380 eversio,

236 1418 367 1483 gravem
385 1396 504 1462 scilicet
523 1395 751 1472 infensiorem,
780 1396 947 1459 horribiles
974 1398 1091 1476 minas,
1120 1410 1270 1466 terrores

237 1499 408 1564 admodum
439 1498 657 1574 vehementes,
697 1517 834 1578 praesens
864 1499 1050 1578 perieulum.
1110 1502 1195 1566 Nam
1223 1526 1269 1568 ex

236 1582 360 1678 amicis,
388 1597 587 1663 arrathematis
620 1598 759 1673 fulmen,
788 1598 973 1660 nuntiabant
999 1598 1096 1683 aliqui
1100 1647 1114 1695 l
1146 1601 1182 1665 in
1212 1622 1267 1668 me

234 1701 395 1785 distringi,
416 1700 545 1784 quidam
564 1720 723 1781 carcer-ep,
752 1710 806 1762 aut
826 1710 932 1779 aperte
952 1702 1085 1764 eedem:
1118 1709 1267 1770 nonnulli

234 1807 348 1868 horum
368 1800 459 1874 nihil,
479 1801 537 1864 sed
555 1800 741 1864 destinatam
759 1802 840 1862 elam
857 1819 968 1863 necem
986 1788 1077 1866 mihi:
1105 1824 1264 1890 eamque,

234 1904 375 1984 ajebant,
397 1905 464 1966 sire
483 1901 619 1965 immisse
638 1924 679 1964 ex
698 1901 873 1982 improviso
893 1901 976 1980 sica,
1000 1903 1068 1965 sive
1088 1907 1264 1988 propinato

233 2026 359 2067 veneno
381 2014 536 2086 patratum
555 2001 611 2079 iri;
632 2013 717 2065 certe
737 2003 942 2065 abolitionem
962 2003 1025 2066 mei
1038 1996 1265 2089 eriistimabept

232 2107 390 2178 decretam
410 2126 533 2167 omnes.
575 2103 710 2184 Quidam
730 2125 764 2166 se
784 2103 877 2165 etiam
897 2103 979 2166 scire
998 2107 1099 2186 palam
1117 2105 1265 2172 fateban-

231 2216 302 2281 tur,
334 2226 404 2287 quse
429 2204 567 2284 prodere
586 2223 652 2264 non
672 2203 835 2266 auderent.
886 2206 973 2286 Quin
1001 2202 1094 2270 etism
1114 2229 1156 2269 ex
1176 2209 1263 2273 tube

231 2306 335 2370 Roma
355 2302 473 2366 certior
492 2303 594 2364 lactus
613 2322 700 2378 sum,
729 2304 845 2386 quibus
866 2306 1046 2370 curantibus
1065 2316 1124 2369 tam
1143 2309 1262 2389 gravia

230 2407 263 2469 in
282 2426 333 2468 me
353 2406 567 2466 consulantur.
607 2405 776 2488 Quumque
802 2408 1032 2471 descendissem
1057 2406 1089 2468 in
1108 2407 1256 2469 Brabon-

228 2507 304 2570 tiem
334 2507 438 2587 paullo
468 2514 557 2587 post,
591 2515 623 2566 et
652 2503 771 2589 aliquot
800 2507 867 2580 dies
896 2508 929 2570 in
954 2504 1250 2591 eulaiuvictissimi

213 2607 315 2691 “regis
336 2628 373 2668 ae
392 2605 512 2670 domini
531 2603 632 2667 nostri
652 2603 761 2669 Caroli
789 2626 953 2685 versarer,
982 2605 1118 2672 monitus
1146 2608 1258 2671 statim

229 2707 448 2771 neccessariis
476 2704 519 2767 ibi
547 2705 624 2771 meis
651 2724 737 2783 sum,
765 2707 792 2771 si
811 2730 861 2772 me
882 2721 1040 2772 servatum
1059 2708 1189 2784 vellem,
1220 2718 1259 2770 ut

228 2806 424 2870 discederem
443 2805 561 2869 statim:
588 2807 633 2870 ibi
653 2807 737 2870 enim
755 2809 954 2886 potissimum
974 2808 1160 2891 dispositam
1178 2807 1257 2872 milri

226 2908 390 2986 fraudem,
427 2907 472 2975 ibi
502 2911 669 2973 collocatas
704 2904 876 2983 insidias,
884 2930 945 2973 nee
976 2908 1045 2974 lieri
1071 2930 1188 3022 posse,
1220 2917 1256 2973 ut

227 3010 472 3094 effugerem,
440 3010 501 3074 nrsi
515 3032 591 3074 mox
609 3012 765 3094 lugerem.
795 3013 843 3073 Ea
857 3021 984 3092 accepta
996 3008 1097 3086 lama,
1118 2990 1256 3090 primum

228 3111 412 3176 innocentia
442 3111 544 3174 lretus
571 3112 764 3195 contempsi,
794 3132 906 3174 verrem
925 3110 982 3174 ubi
1000 3113 1065 3174 lmc
1082 3131 1150 3174 non
1170 3131 1254 3174 unus

227 3226 259 3278 et
284 3216 378 3277 alter:
399 3213 455 3275 sed
475 3214 652 3326 complures
666 3212 729 3295 jem
740 3213 830 3276 simul
850 3213 978 3311 deferre
995 3221 1176 3291 coeperunt:
1196 3232 1254 3274 cur

170 3380 175 3391 ,
224 3314 434 3379 monitionem
444 3333 588 3394 aeclpere
602 3314 732 3391 nollem,
750 3334 844 3377 causa
856 3334 926 3376 msa
939 3334 1005 3376 non
1019 3327 1082 3376 est.
1104 3333 1164 3375 eur
1177 3310 1252 3375 inde

224 3435 275 3479 me
290 3414 457 3476 confestim
471 3413 684 3495 proriperem,
697 3436 827 3478 necesse
843 3416 956 3478 visum.
982 3415 1056 3477 Non
1072 3413 1147 3476 dieo
1157 3410 1251 3527 ,quis

224 3514 387 3581 insidiatus
403 3513 548 3590 ministr,
568 3516 732 3591 Germani,
752 3537 812 3578 nec
828 3516 958 3580 omnino
975 3514 1065 3600 quod
1079 3534 1160 3578 vere
1176 3513 1253 3577 insi·
1275 3566 1282 3581 .

224 3618 326 3682 dietus
336 3614 448 3697 aliquis
460 3616 509 3691 sit,
519 3615 576 3678 sed
587 3616 627 3677 ab
637 3616 742 3680 amicis
755 3618 908 3680 monitum
920 3614 1083 3699 dico,1am
1083 3614 1253 3679 imminere

222 3740 295 3784 meo
308 3715 401 3798 capiti
414 3716 604 3801 perniciem,
624 3715 687 3797 jam
706 3739 771 3780 non
787 3721 883 3801 longe
903 3740 921 3780 a
943 3739 1012 3781 mea
1026 3712 1251 3780 internecione

222 3821 332 3884 abesse
350 3839 411 3883 me.
450 3819 606 3883 Dicebant
625 3839 720 3894 vero,
746 3839 845 3903 quum
865 3819 947 3883 seire
966 3817 1102 3881 maxime
1121 3817 1249 3893 vellem,

222 3924 307 3986 unde
327 3921 402 3985 mihi
420 3921 715 4004 perdomuisset,
747 3930 800 3983 aut
819 3920 904 3982 unde
923 3919 1060 3993 insidiae,
1086 3936 1166 3994 eos,
1193 3914 1251 4001 qui

221 4021 530 4107 pontilicisRomani
549 4022 633 4102 apud
654 4023 829 4085 Germanos
850 4033 946 4102 agunt
965 4020 1108 4103 negotia,
1135 4017 1252 4081 conari

220 4129 299 4204 hoc,
332 4136 365 4189 et
395 4145 413 4186 a
440 4121 635 4199 Curtisanis,
666 4134 826 4208 quotquot
849 4123 898 4198 hi,
932 4132 986 4185 aul
1011 4120 1126 4205 quiqui
1154 4128 1249 4195 sunt,

219 4224 397 4290 cavendum
428 4218 502 4285 mihi
528 4245 607 4287 esse.
660 4224 723 4287 Sed
746 4247 814 4287 non
839 4225 934 4287 tatros
962 4245 1048 4299 esse,
1081 4222 1140 4305 qui
1171 4232 1253 4285 tunc

218 4327 405 4400 monebant,
424 4316 617 4388 documento
634 4324 780 4402 luerunt,
801 4347 870 4410 quae
884 4322 1025 4389 insecuta
1039 4334 1124 4389 sunt.
1166 4320 1252 4387 Nam

218 4444 252 4497 et
281 4417 429 4495 redeunti
458 4422 533 4499 milii
559 4429 696 4494 adverso
725 4428 858 4506 Rheno,
886 4427 943 4513 qui
968 4425 1008 4490 ab
1031 4424 1113 4490 urbe
1140 4424 1253 4491 Rom·
