2632 5086
474 674 639 783 rorum
660 709 848 811 onogia,
1077 718 1168 813 ,aar

555 898 582 962 F
596 921 615 962 o
626 924 643 964 r
653 910 666 960 t
677 923 698 963 u
709 923 729 963 n
740 922 769 967 a.

224 1003 311 1084 Quid
332 992 484 1088 agendo?
510 1001 739 1064 mitirandonei

569 1120 746 1181 liutten.

221 1237 316 1299 Haud
336 1239 378 1299 ita
396 1259 512 1321 magno
534 1238 609 1300 iilud
630 1248 764 1312 conatu,
796 1241 854 1302 red
875 1240 999 1305 inania
1022 1257 1167 1309 vereatur

142 1358 214 1400 aum
235 1358 333 1401 annos
351 1337 414 1418 jam
433 1349 518 1401 totos
539 1340 631 1403 cirros.

560 1437 753 1522 Fortuna.

219 1573 339 1634 Duram
364 1582 514 1652 expertus
540 1592 592 1633 es.
626 1571 709 1633 haud
734 1570 877 1649 inficior,
906 1573 1012 1637 vitam.
1050 1576 1115 1640 Sed
1133 1578 1168 1640 in

143 1674 245 1735 aulam
265 1695 362 1756 quare
384 1671 594 1735 transserobas
615 1677 632 1732 a
651 1672 754 1734 studio
774 1683 805 1733 te
824 1674 1047 1754 potissimum?

567 1787 744 1852 Huttcn.

221 1907 317 1987 Quod
337 1906 482 1967 videbam
500 1903 593 1967 facile
613 1903 656 1966 ibi
677 1906 860 1987 locupletari
880 1908 1024 1989 aequales.

557 2006 754 2069 Fortuna.

220 2105 295 2167 Tibi
316 2129 394 2169 vero
415 2127 512 2191 quare
533 2127 599 2169 non
620 2106 703 2168 idern
727 2106 887 2189 contigit?

571 2210 738 2270 Hntten.
968 2268 971 2275 .

220 2307 302 2385 Quia
323 2318 375 2368 aut
394 2329 459 2371 non
477 2310 586 2372 ienrnt
606 2309 650 2372 tui
672 2329 777 2383 casus,
798 2318 851 2371 aut
862 2306 903 2372 in
918 2307 970 2371 itta
986 2328 1053 2371 non
1069 2310 1177 2373 dean·

140 2418 250 2470 natum
270 2420 317 2468 est
335 2411 397 2471 hoc
416 2411 627 2492 providentia.

552 2511 757 2574 Fortuna.

218 2608 285 2668 Aut
315 2628 394 2671 vero
422 2611 565 2675 moribus
595 2596 679 2686 tuis,
719 2608 792 2693 qnia
821 2629 888 2672 non
917 2612 1066 2676 convenit
1092 2613 1165 2677 vitu

142 2708 271 2789 genus?

567 2813 630 2875 Hu
643 2823 745 2874 tten.

221 2907 282 2968 Vel
306 2909 489 2988 ipsumhoc
514 2914 547 2976 in
575 2933 667 2976 causa
692 2922 761 2985 est,
796 2908 898 2973 sentio
919 2912 1003 2976 enim
1021 2914 1164 2996 ineptum

141 3009 222 3068 auin
241 3029 308 3083 me,
337 3032 407 3075 cum
429 3015 504 3097 qnia
524 3015 711 3076 adulandum
732 3013 776 3076 ibi
794 3014 884 3077 rirnni
905 3013 1070 3092 omnihus,
1097 3027 1165 3079 tum

141 3127 222 3170 vcro
243 3110 316 3192 quia
337 3111 549 3177 inconstantes
568 3125 642 3177 aurit
661 3114 837 3194 principum
857 3113 997 3178 favores.

555 3212 761 3277 Fortuna.

217 3310 304 3388 Quid
322 3314 347 3373 si
367 3311 439 3374 alibi
461 3316 634 3394 experiaris
655 3335 753 3377 annos
774 3313 888 3378 iterum
906 3312 1016 3378 duos?

569 3414 738 3478 Huttcn.

219 3509 305 3585 Quid
329 3511 356 3570 si
381 3523 499 3576 aetatem
528 3516 724 3597 experiendo
750 3513 944 3589 ubaumanr?¹
971 3512 1035 3596 jam
1051 3513 1165 3587 deberi

143 3621 220 3685 puto
240 3608 337 3684 mihi,
362 3623 398 3672 ut
417 3613 457 3674 sit
476 3616 561 3679 unde
575 3617 691 3678 vivam.
1018 3622 1022 3627 ’

554 3714 754 3778 Fortuna.

219 3808 263 3870 At
280 3808 475 3888 assecutio,
496 3812 523 3876 si
542 3834 679 3897 pauper,
701 3823 737 3877 ut
754 3809 913 3876 clarissimi
926 3813 1033 3893 nuri,
1052 3814 1171 3879 vivere.
1227 3808 1232 3821 '

144 3904 235 3969 velia.

567 4014 737 4079 Hntten.

217 4105 341 4181 Velim,
362 4108 389 4170 ri
407 4110 469 4173 hoc
488 4134 615 4189 cavera,
635 4116 722 4191 Dea,
744 4110 860 4197 nequir
875 4111 1045 4196 aliqnando
1066 4116 1164 4177 rnaiur

142 4214 216 4267 tuus
235 4225 325 4271 casus
343 4213 360 4269 a
378 4224 562 4294 paupertate
578 4215 637 4278 hac
653 4215 694 4278 ad
709 4223 883 4287 extremam
898 4234 999 4299 usquc
1012 4215 1162 4285 nunici-

141 4314 237 4374 tatem
255 4305 402 4388 deponat.
