2632 5086
397 39 1314 320 —

221 757 291 834 trs
494 747 599 829 Trias
622 750 791 824 Romana
812 722 998 844 Dialogus.

311 1028 313 1033 ¹
636 914 832 1012 uaniora.

299 1049 332 1112 si
344 1050 452 1110 nolent
468 1066 536 1110 rem
552 1064 748 1127 cognoscere
767 1035 954 1114 Christiani,
973 1056 1033 1099 nee
1043 1045 1170 1099 utentur
1188 1032 1253 1114 ipsi

221 1148 261 1210 ab
283 1141 317 1208 se
337 1147 468 1210 invento
494 1146 643 1219 consilio,
670 1157 703 1205 et
724 1137 948 1223 superstitione
972 1137 1142 1202 manebunt
1168 1135 1253 1199 infa-

220 1248 320 1325 tuati,
340 1265 400 1311 nee
420 1248 553 1330 punient
576 1245 743 1319 maleficia,
763 1263 832 1306 esse
853 1241 1002 1304 arbitror.

645 1390 706 1452 Hu
720 1399 820 1451 tten.

297 1491 428 1555 Variisci
457 1503 505 1554 est
530 1490 611 1553 boe:
642 1489 702 1551 tria
726 1509 819 1570 posse
845 1490 878 1552 in
899 1510 1010 1562 suum,
1037 1505 1074 1547 ae
1094 1481 1252 1565 optimum

220 1606 332 1660 statum
349 1592 515 1655 restituere
537 1594 686 1655 Romam:
708 1590 940 1653 Germanorum
960 1588 1139 1669 principum
1155 1583 1251 1659 seria,

220 1695 331 1779 populi
356 1692 526 1771 Christiani
547 1691 788 1774 impatientiam,
810 1701 842 1751 et
862 1701 1048 1771 praesentem
1069 1690 1252 1752 Tuscorum

221 1797 408 1858 exercitum.

628 1909 842 1973 Ernbold.

301 2006 388 2093 Quid
406 2009 514 2073 seria?

652 2126 782 2188 Hutte
796 2147 828 2187 n.

297 2215 381 2306 Quia
400 2224 485 2288 enim
503 2245 585 2306 saepe
605 2224 746 2289 auditum
763 2238 829 2305 est,
850 2226 1018 2312 aliquando
1032 2225 1176 2288 facturos
1195 2224 1251 2287 ali-

222 2327 301 2412 quid
323 2348 357 2391 se
378 2326 510 2408 dignum
531 2328 726 2400 Germanos,
746 2345 853 2408 neque
873 2337 976 2387 tamen
997 2329 1098 2389 adhue
1118 2346 1251 2406 proees-

220 2427 260 2493 sit
276 2430 354 2504 hoe,
375 2427 467 2488 ludus
485 2437 532 2489 est
551 2427 660 2489 Romae
675 2424 737 2487 diei
754 2425 858 2500 abiis,
879 2427 934 2508 qui
949 2430 1013 2489 baec
1024 2427 1155 2504 faciunt,
1178 2428 1250 2491 vitre

220 2551 284 2593 ruo
303 2529 460 2593 rationem
481 2537 666 2590 exacturum
688 2548 891 2610 quemquam.

636 2673 826 2734 Ernhold.

293 2773 399 2837 Nimis
413 2773 512 2857 longa
529 2784 577 2837 est
595 2771 705 2853 populi
724 2773 891 2856 patientia,
912 2773 1004 2856 cujus
1017 2775 1147 2858 quando
1159 2779 1256 2856 putas

217 2868 389 2939 miserit?

651 2971 821 3036 Hutten.

224 3072 227 3079 ’
293 3075 429 3155 Quando
463 3095 481 3136 a
500 3072 727 3156 superstitione
746 3075 932 3156 resipiscent
951 3076 1063 3152 animi,
1092 3075 1184 3159 quod
1199 3076 1252 3140 iu·

103 3199 107 3205 ·
216 3173 324 3239 turum
341 3175 433 3240 brevi
451 3197 564 3258 magua
582 3197 639 3256 spe
657 3177 769 3239 ducor.

634 3321 833 3384 Ernhold.

294 3418 405 3501 Itaque
421 3421 487 3481 baec
505 3419 570 3481 duo
592 3419 619 3481 si
636 3423 719 3513 malo
740 3422 812 3484 huie
831 3421 1036 3498 subveniant,
1057 3421 1118 3485 erit
1136 3442 1178 3484 ne
1195 3423 1253 3486 sd·

220 3522 283 3584 hue
302 3541 383 3602 opus
408 3522 583 3584 'furcarum
601 3522 719 3586 arinis?

627 3640 659 3701 H
676 3661 698 3701 u
712 3650 725 3700 t
739 3649 752 3700 t
767 3659 785 3700 e
802 3660 834 3701 n.

293 3737 449 3799 Vadiseus
478 3737 647 3802 arbitratur
676 3741 777 3802 adhue
797 3762 877 3824 opus
908 3759 996 3816 esse,
1027 3741 1082 3802 six
1105 3740 1165 3801 tria
1184 3742 1253 3803 haee

217 3838 308 3900 simul
325 3839 350 3900 si
368 3840 530 3923 ingruant,
552 3841 624 3902 satis
640 3839 746 3904 futura
761 3851 891 3921 putans,
912 3843 951 3903 ad
969 3842 1165 3921 puniendum
1180 3863 1252 3903 mo-

217 3941 358 4017 reshos,
378 3952 409 4002 et
426 3938 588 4002 ecelesiam
607 3942 849 4004 emendandum.
881 3944 953 4024 Ego
967 3941 1103 4004 arbitror
1117 3943 1251 4004 muitum

217 4060 311 4122 posse
332 4041 549 4114 Germaniam,
583 4039 610 4101 si
635 4061 702 4104 rem
729 4041 831 4105 habita
857 4040 1041 4124 cognitione
1070 4042 1250 4118 intueatur,

113 4212 115 4217 ⁴
218 4141 275 4204 sed
297 4141 489 4213 intuebitur,
521 4150 553 4200 et
572 4142 722 4224 angustiis
740 4144 787 4205 hrs
813 4144 973 4216 consulet,
1001 4163 1037 4203 ac
1058 4163 1116 4223 pro
1137 4163 1251 4224 super·

217 4243 344 4308 stitione
363 4261 471 4304 veram
490 4242 602 4305 induet
621 4242 825 4327 religionem,
847 4243 950 4306 multis
970 4244 1031 4306 hoo
1051 4243 1131 4305 adeo
1154 4258 1251 4324 argu·

216 4343 327 4406 mentis
349 4341 474 4423 colligo.
