2632 5086
335 702 393 777 Ad
417 700 645 777 Fridericum
669 700 749 778 Sex.
773 704 869 779 Due.
895 702 1004 803 epist.
1110 709 1178 783 60¹
1276 782 1288 795 ,

155 909 268 991 jngmn
298 909 331 972 in
359 930 420 974 vos
452 908 705 992 apontilieihns,
730 908 971 993 superstitione,
998 924 1036 975 ut
1054 928 1180 991 omnesj

157 1012 231 1073 olim
251 1009 384 1073 deliniti.
423 1011 486 1073 Sed
508 1032 607 1094 qurum
625 1013 688 1074 hoe
705 1013 820 1076 malum
839 1013 998 1095 quoddam
1007 1012 1181 1078 universim

157 1111 327 1175 Christiani
360 1110 449 1173 orbis
480 1111 579 1173 latum
614 1112 813 1193 interpretari
841 1117 951 1189 tieem
984 1114 1074 1178 laeile
1102 1113 1181 1179 inie-

156 1213 248 1274 miam
278 1233 346 1274 eam
371 1233 457 1272 nova
478 1211 642 1275 abolebitis
671 1214 789 1295 gloria,
820 1217 847 1278 si
865 1227 1013 1279 auctores
1039 1215 1104 1279 sitis
1132 1216 1180 1281 rei
1254 1246 1256 1250 ·

156 1315 259 1391 longe
282 1314 496 1394 pulcherrime
525 1324 620 1394 atque
645 1315 892 1393 honestissimae,¹
914 1329 951 1379 ut
978 1338 1035 1397 per
1060 1337 1119 1380 ros
1147 1316 1183 1391 itt

156 1415 331 1477 libertatem
365 1415 545 1477 vindicetur
568 1415 718 1479 universa
745 1417 848 1494 natio,
873 1417 1006 1505 ‚sibique
1030 1411 1194 1481 reddatur*

157 1516 341 1579 Germania:
360 1538 430 1597 ane
443 1536 528 1577 nuno
542 1536 607 1578 non
625 1515 785 1600 intelligit,
804 1539 869 1581 non
884 1518 983 1600 sapit,
1000 1518 1179 1579 immortalis

155 1617 307 1681 Christe!
337 1618 465 1700 quidet
489 1636 583 1697 qtaam
609 1615 739 1699 indigna
767 1621 913 1700 patiatur.
951 1619 1048 1691 Nam,
1081 1636 1194 1699 quum

154 1719 301 1781 omnibus
322 1717 442 1780 sortire
465 1718 651 1780 indecorum
671 1730 737 1793 est,
759 1731 833 1782 tum
861 1719 914 1781 vel
934 1716 1093 1799 praecipue
1112 1726 1178 1777 tur·

153 1820 235 1899 piter
254 1822 315 1881 ltoe
336 1821 370 1881 lit
388 1819 428 1881 ab
447 1819 499 1893 iis,
528 1818 585 1902 qni
603 1819 758 1899 imperare
776 1818 838 1900 ipsi
857 1818 922 1880 aliis
940 1817 1075 1883 debent.
1111 1819 1178 1882 Aut

153 1919 250 2001 igitur
282 1919 459 1981 desinamus
495 1919 582 1982 orbis
608 1918 776 2001 imperium
804 1919 982 1982 adscribere
1010 1918 1120 1994 nobis,
1146 1929 1179 1980 et

153 2018 358 2099 imperatores
384 2019 524 2101 deligere
552 2020 619 2093 nie,
662 2021 718 2103 qui
745 2041 862 2082 nomen
887 2019 1021 2082 habeant
1046 2029 1177 2094 tantum,

152 2140 250 2200 quum
271 2120 310 2180 ab
330 2141 365 2181 re
385 2119 488 2183 absint
513 2120 713 2201 longissime,
745 2131 798 2182 aut
823 2130 953 2183 strenue
983 2119 1177 2202 pontificiam

150 2218 329 2282 artferamus
358 2220 565 2298 tyrannidem.
628 2220 754 2294 Omnis,
799 2219 845 2282 uti
874 2219 1010 2282 Platoni
1031 2220 1174 2295 videtur,
1233 2226 1239 2237 '

147 2317 282 2381 liberalis
302 2318 402 2382 virtus
422 2330 484 2394 est,
512 2320 571 2383 soli
597 2321 749 2383 servitute
769 2319 858 2402 digni
878 2331 951 2383 sunt
970 2318 1052 2382 mali.
1091 2320 1176 2382 Proe'·

147 2429 206 2483 stat
226 2419 259 2481 in
277 2419 364 2481 malis
384 2438 472 2494 esse,
493 2440 587 2501 qtram
607 2438 673 2482 non
691 2419 801 2482 haberi
820 2417 967 2500 optimos.
1005 2420 1121 2482 Posset
1140 2419 1176 2483 in

147 2540 207 2580 nos
232 2520 339 2580 dicere
370 2519 451 2591 hoc,
485 2519 512 2580 si
542 2529 625 2581 esset
650 2518 763 2593 hodie,
795 2519 885 2602 qnod
907 2519 942 2581 in
974 2520 1174 2585 Eretrienses

149 2619 223 2679 olim
248 2629 396 2679 strenuus
420 2618 591 2696 imperator
612 2618 856 2683 Themistocles:
885 2619 1023 2702 gladium
1040 2621 1172 2698 haltere,

147 2719 205 2781 sed
226 2718 325 2780 eorde
347 2736 412 2777 non
437 2736 506 2779 esso
524 2718 683 2799 praeditos.
720 2719 772 2780 Sic
797 2722 881 2784 enim
899 2721 1036 2786 videtur.
1074 2724 1174 2804 Quod

148 2817 242 2881 unice
260 2817 375 2891 miror,
398 2838 468 2899 quie
488 2815 638 2898 cogitatio
655 2840 714 2880 ros
727 2829 832 2883 teneat
845 2820 1022 2902 prinsipes,
1042 2824 1171 2905 quando

147 2938 197 2980 me
217 2918 356 3001 equitem
380 2917 514 2992 ridetis,
540 2929 602 2981 tam
628 2917 825 2998 impatienter
848 2920 935 2982 lerre
954 2922 1172 3003 indifflaitatem

145 3018 249 3080 hane?
270 3019 375 3080 Multo
397 3017 482 3080 enim
500 3019 599 3099 magis
618 3020 683 3082 ltree
700 3017 792 3081 vobis
809 3039 892 3082 oure
910 3040 981 3082 esse
1000 3023 1172 3085 convenie-

144 3119 206 3181 bat.
256 3118 374 3182 Posses
403 3130 507 3181 autem
535 3121 675 3182 lacrimas
705 3119 872 3183 effundere
902 3130 957 3194 tu,
995 3118 1038 3194 si,
1071 3141 1169 3203 quum

145 3221 242 3281 multa
274 3218 404 3301 egregia
431 3218 601 3298 gessissent
628 3218 765 3299 majores
787 3219 851 3294 tui,
885 3220 1000 3281 nullam
1020 3218 1077 3281 tibi
1096 3220 1170 3284 reli·

145 3339 240 3401 quam
260 3319 411 3381 adeundae
430 3318 538 3399 gloriae
550 3319 749 3382 oeettsionem
763 3318 924 3383 fecissent.
961 3321 1004 3384 At
1018 3320 1168 3401 optimam

144 3418 342 3499 reliquerunt
361 3430 393 3481 et
411 3416 652 3492 fertilissimam:
676 3430 712 3482 tu
732 3420 829 3482 modo
849 3419 966 3483 invade
980 3431 1013 3481 et
1029 3426 1166 3503 occupa!

145 3517 209 3578 Sed
229 3536 292 3577 non
312 3517 379 3580 sine
399 3518 501 3593 erede,
533 3538 600 3580 non
627 3518 695 3582 sine
720 3519 875 3603 sanguine
895 3522 989 3594 fient,
1021 3542 1091 3603 «prm
1110 3542 1166 3585 eo·

143 3636 264 3677 namur.
299 3617 386 3678 ·Hoe
418 3617 461 3679 illi
488 3617 645 3695 viderint,
681 3619 736 3701 qui
771 3628 896 3683 eausam
931 3622 1023 3683 nobis
1058 3642 1165 3701 perse-

144 3715 263 3798 quendi
291 3714 343 3778 sui
368 3716 458 3791 dant,
495 3718 552 3800 qui
576 3718 651 3781 milti
682 3719 857 3799 dignissimi
887 3721 1052 3797 videntur,
1080 3744 1164 3805 quos

141 3815 389 3894 perseeutiamus
416 3817 536 3897 gladio,
565 3838 664 3900 quum
690 3819 769 3883 elios
793 3819 898 3902 gladio
924 3823 1016 3883 toties
1035 3842 1164 3903 pereus-

141 3915 239 3977 serint
279 3916 367 3996 prius
405 3915 475 3996 ipsi.
541 3918 652 3981 Solent
681 3939 762 3982 vero
800 3920 915 3983 medici
952 3920 1162 3985 amarissimos

140 4018 328 4099 plerumque
366 4016 499 4080 morbos
538 4017 744 4084 amarioribus
779 4021 887 4083 eluere
918 4021 1163 4085 medicamentis.

142 4115 193 4177 Sic
213 4128 323 4194 agetur
341 4119 407 4195 hie,
434 4118 562 4202 quando
583 4119 670 4182 aliter
692 4121 746 4203 agi
763 4123 885 4206 nequit.
931 4121 1088 4185 Existimo
1107 4140 1163 4187 su·

140 4222 221 4288 tem,
250 4217 290 4279 de
311 4218 507 4300 turpitudine
529 4231 639 4283 nostra
662 4221 766 4307 (quod
788 4223 922 4304 primum
945 4234 978 4286 et
1003 4221 1162 4307 praecipue

139 4311 208 4373 fieri
230 4314 374 4389 deenit,)
397 4317 583 4382 inculcatum
600 4319 657 4383 nbi
676 4319 750 4383 satis
768 4319 843 4404 jam.
880 4324 932 4386 De
956 4323 1160 4391 incommodo
