2632 5086
348 693 395 766 ad
420 691 573 771 Petrum
597 694 644 767 de
668 694 809 770 russas.
1026 700 1092 783 179

68 903 132 951 noa
149 887 318 961 futurum,
338 887 401 950 hoc
418 886 525 949 lacere
544 884 694 963 voluisti,
714 886 805 973 quod
829 888 940 951 sinon
958 889 1092 967 laceres,

70 992 142 1051 malo
168 988 265 1051 vobis
291 1009 362 1051 esse
390 988 619 1069 cognoscebas.
638 988 670 1065 ἸΙ)
708 988 793 1068 Quid
815 989 948 1053 monstri
972 1011 1092 1072 quaeso,

69 1089 188 1152 affers?
235 1089 391 1171 Quisquis
420 1090 463 1150 ita
487 1088 750 1154 existimationem
776 1088 910 1173 negligit
928 1111 1037 1164 suam,
1058 1100 1094 1153 ut

67 1212 125 1251 non
143 1191 187 1251 ab
204 1210 247 1251 eo
264 1190 462 1263 offendatur,
482 1212 500 1252 a
517 1211 582 1272 quo
598 1190 791 1253 monimenta
806 1191 925 1253 offendi
937 1211 995 1253 sua
1008 1212 1093 1255 eom·

67 1290 166 1369 perit?
199 1288 286 1353 Cum
299 1290 431 1353 dilanier
445 1312 533 1353 meos
549 1291 685 1367 libellos,
706 1312 788 1372 quos
804 1312 868 1375 ego
883 1302 993 1353 extare
1007 1292 1093 1367 volo,

69 1391 184 1454 suendi
215 1413 283 1452 nou
321 1403 422 1473 putas.
473 1393 547 1470 Quo
579 1391 703 1453 somnio
731 1391 837 1455 vidisti
864 1413 933 1455 rem
959 1392 1095 1456 incredi·
1196 1444 1200 1457 ,

69 1492 176 1567 bilem,
213 1512 284 1554 rem
312 1513 514 1574 nequaquam
547 1492 774 1554 verisimilem?
823 1491 906 1556 Cum
936 1492 969 1554 in
999 1492 1094 1556 foetus

71 1591 184 1673 ingenii
199 1592 266 1654 mei
285 1591 428 1664 saevitur,
452 1612 515 1675 ego
535 1588 683 1671 injuriam
701 1612 768 1655 uon
787 1592 980 1677 agnoscam?
1019 1595 1094 1673 Quo

72 1695 213 1773 exemplo
243 1703 305 1753 tam
332 1692 503 1771 patientem
516 1714 586 1755 esse
621 1692 697 1756 vis?
735 1692 872 1774 Quidam
895 1694 937 1755 ob
963 1693 1094 1758 amissos

72 1817 136 1857 casu
158 1794 279 1869 libros,
307 1794 383 1876 qriia
402 1793 541 1873 reparari
562 1814 628 1855 non
650 1804 798 1880 possent,
824 1792 857 1854 in
880 1805 998 1856 tantum
1019 1813 1096 1855 con·

73 1895 257 1958 solationem
280 1915 346 1955 non
372 1893 580 1969 admiserunt,
608 1907 643 1956 nt
668 1915 735 1957 non
755 1892 818 1957 nisi
841 1907 942 1957 morte
964 1893 1095 1956 finiente

72 1996 212 2060 dolorem
231 1996 417 2076 posuerint,
445 2017 507 2076 ego
536 1997 576 2058 ita
595 1995 812 2059 claritudinem
831 1996 968 2077 despero
982 2014 1096 2071 meam,

73 2109 100 2159 ut
115 2117 320 2180 magnopere
335 2098 419 2158 baud
436 2110 544 2178 putem
561 2097 700 2171 referre,
721 2096 776 2158 diu
789 2096 821 2158 in
840 2095 983 2159 manibus
999 2096 1096 2159 lrabe-

73 2210 176 2274 antur,
197 2220 270 2281 qrrae
290 2186 412 2273 scribo,
433 2221 472 2260 an
488 2199 551 2260 cito
567 2198 738 2270 intereant,
759 2209 854 2280 atque
868 2194 965 2279 igitur
985 2208 1096 2257 contra

72 2319 113 2361 me
130 2299 256 2360 factum
270 2297 400 2373 dubito,
422 2298 521 2380 siquis
536 2320 574 2361 ea
587 2298 761 2377 discerpat,
782 2309 912 2371 exurat,
931 2296 1096 2369 discindat,

74 2399 225 2479 extirpet,
248 2399 336 2473 ον’)
353 2397 492 2462 emedio
514 2402 623 2465 tollar„
648 2399 699 2460 Sic
713 2420 763 2460 me
784 2418 850 2460 non
864 2396 966 2470 nosti,
986 2397 1048 2458 hoc
1062 2405 1099 2456 ut

75 2498 312 2582 suspicareris?
356 2499 425 2562 lmo
442 2499 511 2576 aaa)
532 2501 669 2582 aliquem
697 2499 800 2574 nosti,
846 2494 903 2581 qui
933 2496 1000 2559 talis
1031 2493 1098 2558 sit?

70 2602 138 2684 Age
163 2612 273 2662 autern
299 2600 462 2664 abolendis
484 2599 531 2662 his
551 2601 691 2680 scriptis,
720 2601 835 2684 quibus
863 2622 925 2683 ego
949 2611 1099 2681 tanquam

70 2702 161 2764 armis
187 2711 301 2763 contra
327 2699 486 2762 inimicum
505 2713 595 2775 ntor,
622 2701 698 2764 citra
717 2702 779 2763 mei
801 2702 1011 2764 offensionem
1030 2696 1099 2764 dari

69 2802 121 2863 abs
150 2812 183 2862 te
211 2822 311 2881 opera
331 2812 454 2880 potest,
484 2814 515 2864 et
545 2823 595 2863 me
622 2803 680 2864 tibi
703 2824 769 2866 non
800 2817 890 2885 putas
915 2806 1044 2878 iratum,
1069 2804 1099 2866 si

69 2902 208 2986 gladium
228 2900 342 2981 eripias
361 2922 379 2961 e
398 2902 540 2965 manibus
557 2902 651 2976 atreis,
673 2926 738 2985 spuo
754 2904 841 2966 illum
858 2904 966 2967 ulcisci
980 2925 1098 2983 parem,
1187 2923 1190 2927 ’

69 3003 125 3086 qui
144 3002 224 3066 mihi
240 3003 390 3077 amicitia,
414 3013 446 3064 et
465 3004 701 3085 propinquitate
716 3026 757 3066 ex
775 3024 867 3086 aequo
883 3003 1010 3082 junctus
1025 3004 1098 3080 suit,

69 3105 108 3168 de
124 3125 167 3168 eo
183 3125 294 3185 poenas
311 3124 452 3178 sumere,
475 3106 530 3187 qrri
551 3126 609 3166 nos
630 3107 734 3179 luctu,
755 3105 860 3178 clade,
883 3116 912 3167 et
928 3105 1099 3167 calamitate

70 3204 240 3268 oneravit?
279 3206 358 3286 Quis
377 3217 409 3265 te
430 3217 492 3267 tam
512 3204 683 3284 simplicem
702 3224 771 3267 esse
789 3217 930 3267 veterem
951 3205 1097 3281 aulicum,

71 3317 102 3365 et
132 3326 236 3369 annos
265 3302 328 3385 jam
361 3304 488 3384 triginta
521 3328 622 3386 prope
652 3306 736 3389 apud
765 3328 903 3370 summos
938 3304 1098 3387 principes

70 3405 216 3469 maximis
235 3404 268 3467 in
286 3405 424 3482 negotiis
443 3418 617 3482 versatum,
641 3420 672 3471 et
689 3407 865 3471 exercitum
882 3405 1098 3488 cogitaverat?

71 3506 147 3583 Tu,
165 3507 286 3590 siquod
308 3518 397 3568 tuum
413 3505 546 3569 verbum
566 3508 729 3589 irripugnet
749 3506 839 3591 quis,
859 3504 1019 3588 dignitatis
1036 3516 1097 3569 tue

70 3607 228 3693 rationem
244 3607 418 3669 habendam
436 3607 610 3683 existimas,
632 3630 693 3687 ego
715 3607 763 3672 sic
777 3610 856 3672 levis
876 3607 951 3683 sim,
972 3617 1007 3671 ut
1028 3628 1098 3690 quaa

71 3706 199 3791 scriptis
219 3706 323 3782 edidi,
351 3719 383 3769 et
406 3708 446 3770 ad
466 3711 683 3789 posteritatem
701 3707 910 3773 transmittere
929 3709 1022 3771 etiarn
1042 3706 1100 3771 de·

72 3809 182 3884 crevi,
209 3820 264 3873 ant
284 3807 311 3870 si
338 3809 502 3872 ambitiose
529 3832 579 3872 me
603 3831 731 3890 sperare
758 3810 855 3886 sinis,
884 3831 952 3892 que
973 3810 1101 3871 immor·

76 3907 150 3971 talia
170 3908 244 3972 lore
267 3910 312 3971 ob
328 3909 377 3972 rei
397 3909 580 3973 miraculum
605 3909 785 3973 existimare
806 3912 896 3985 licet,
923 3909 950 3973 si
972 3909 1102 3992 quiscat

71 4010 264 4094 pessundet,
294 4031 332 4073 ae
366 4010 405 4072 ab
435 4010 598 4079 hominum
624 4012 776 4077 lnemoria
798 4012 941 4089 eximat,
968 4010 1102 4088 amicum

107 4244 138 4304 ⁸)
155 4251 348 4310 coqaoxetas:
376 4261 544 4308 cognosceret.
598 4242 644 4311 ⁸⁴)
674 4263 718 4297 vor
744 4258 761 4303 ο
788 4249 881 4301 medio:
916 4259 942 4302 et
970 4250 1099 4312 sensura.

111 4326 169 4397 m)
189 4337 265 4382 Ima:
285 4338 340 4385 ime.
