2632 5086
349 702 455 777 man
479 702 649 779 Romana
671 702 859 808 Dialogus.
1045 656 1113 799 us,

87 899 194 959 sinum
209 900 342 972 cultum,
362 896 438 961 nihil
458 897 585 978 publico
599 899 687 962 bono
695 946 705 977 ,
722 901 827 965 omnia
840 903 881 965 ad
891 902 1117 970 execrabilium

87 1002 241 1059 scelerum
267 998 406 1060 fomenta
437 1020 554 1081 magno
578 1020 651 1067 cum
675 1001 813 1066 ludibrio
839 1018 950 1070 nostro
976 1004 1112 1090 pariter,

87 1111 117 1160 et
139 1100 356 1174 incommodo,
376 1121 411 1161 ac
432 1100 555 1179 publica
575 1102 736 1184 religionis
755 1103 849 1186 hujus
867 1110 950 1190 apud
961 1111 1113 1172 Etlmicos

86 1201 213 1262 urlamia
226 1203 352 1266 cedere.
384 1198 484 1282 Pejus
497 1214 601 1265 autem
611 1202 780 1269 Christiani
792 1229 947 1290 nusquam
961 1210 1115 1287 audimus,

87 1323 181 1382 quam
202 1302 449 1366 llomanensium
471 1303 603 1368 istorum
623 1304 750 1386 objecta
761 1308 854 1372 nobis
867 1311 947 1386 vita,
968 1314 1117 1393 quicum

88 1404 149 1466 sint
181 1424 288 1465 rerum
319 1404 435 1485 capita,
468 1417 500 1468 et
529 1409 575 1470 nis
599 1407 722 1487 perdite
752 1411 895 1475 laborent
913 1411 1049 1488 morbis,
1080 1422 1116 1488 ut

87 1507 193 1567 valere
213 1525 330 1584 corpus
349 1505 507 1588 reliquum
528 1518 576 1570 est
593 1510 789 1588 putandum?

492 1627 704 1688 Ernlroltl.

160 1723 303 1784 Pessime
330 1724 449 1802 ipsum,
484 1724 583 1806 igitur
609 1727 696 1789 vivet
717 1747 853 1809 corpus,
886 1727 914 1790 si
933 1725 1116 1792 morbosum

87 1827 148 1889 hoc
167 1824 391 1886 detruncemus
411 1824 526 1905 caput?

503 1944 681 2007 llutten.

162 2042 236 2101 Non
256 2040 342 2102 vivet
368 2042 437 2105 sine
458 2044 559 2125 capite
580 2067 714 2127 corpus,
746 2064 852 2129 neque
873 2042 1000 2108 auferre
1020 2058 1115 2127 capnt

86 2160 215 2202 necesse
244 2154 306 2218 cst;
341 2154 457 2205 tantum
489 2145 561 2206 inde
591 2166 751 2224 resecare,
783 2168 852 2228 quae
880 2146 995 2208 vitiosa
1021 2157 1112 2224 sunt,

86 2255 236 2322 oportet,
267 2254 298 2304 et
331 2244 477 2306 morbum
504 2266 640 2322 curare,
669 2268 704 2308 aa
731 2247 907 2310 remedium
934 2249 1112 2323 advertere,

84 2346 144 2405 hoc
175 2346 228 2407 fret
260 2356 364 2407 autern
383 2366 472 2407 more
499 2347 663 2426 prudentis
690 2348 820 2423 medici,
841 2359 877 2410 ut
897 2346 1001 2410 morbi
1022 2367 1115 2411 causa

86 2445 204 2519 ablata,
234 2457 265 2507 et
286 2448 415 2520 evulso,
447 2448 535 2529 quod
555 2468 628 2509 erun
647 2448 760 2521 fovet,
787 2449 854 2529 ipse
875 2445 1013 2510 alimenti
1031 2445 1114 2510 indi·

86 2567 162 2627 gus,
184 2547 316 2607 delectis
337 2545 473 2621 viribus,
495 2547 640 2628 paulatim
660 2548 766 2625 abeat,
789 2560 821 2611 et
838 2559 1016 2611 evanescat.
1055 2547 1113 2611 En

85 2648 169 2707 cuim
190 2645 325 2706 sanabile
346 2661 438 2722 caput
451 2648 529 2722 hoc,
549 2649 606 2709 sed
617 2669 730 2733 magno
744 2670 815 2713 cnm
827 2651 958 2726 dolore,
980 2659 1112 2733 propiet·

84 2747 213 2809 curandi
234 2746 442 2808 acerbitatem.

486 2864 691 2926 Ernhold.

158 2964 331 3039 Existimo,
353 2964 408 3026 ubi
428 2988 446 3027 a
466 2967 543 3027 luxu
566 2965 712 3031 abstracti
731 2968 913 3031 sacerdotes
931 2968 971 3030 ad
990 2968 1114 3050 pietatis

82 3067 183 3128 officia
203 3078 448 3141 convertentur,
471 3079 502 3127 et
522 3068 592 3144 ubi,
624 3080 660 3131 ut
678 3068 767 3173 frugi
787 3067 867 3144 sint,
898 3067 941 3130 illi
960 3070 1116 3131 malorum

81 3168 312 3230 amovebuntur
332 3167 541 3244 irritamenta,
573 3168 637 3231 istae
656 3190 755 3252 opes,
777 3166 838 3233 ista
863 3166 994 3231 vivendi
1017 3186 1115 3250 prava

79 3271 226 3346 libertas,
253 3294 288 3332 ac
309 3292 367 3350 pro
388 3269 522 3331 avaritia
543 3270 667 3346 studio,
697 3271 786 3353 quod
805 3268 940 3331 maxime
960 3269 1114 3350 depravet

81 3392 158 3445 eos,
191 3371 357 3433 inducetur
386 3372 519 3451 simplex
549 3370 673 3450 inopia,
704 3381 736 3432 et
759 3370 1113 3450 innocens-paupertas.

82 3470 234 3532 Proiecto
254 3471 357 3551 enim,
384 3471 474 3554 quod
493 3470 535 3539 ait
555 3472 684 3534 Graecus
703 3474 816 3552 po'c'ta,
851 3502 876 3535 u
895 3476 931 3542 toi
953 3474 985 3535 so*
1006 3479 1112 3548 λαρἕιν

82 3570 131 3643 liv,
149 3571 216 3632 οὐόὲ
236 3572 273 3632 irs
292 3577 405 3656 πονηρὸς
429 3570 469 3640 riv.

514 3690 692 3751 llutten.

156 3790 208 3850 Sic
228 3801 286 3851 est.
323 3787 446 3849 Verum
465 3787 505 3848 ab
525 3788 583 3849 hac
600 3788 748 3865 sanitate,
764 3798 899 3869 propter
917 3787 1111 3873 agritudinis

81 3890 151 3973 ejus
170 3890 388 3964 dulcedinem,
409 3888 452 3951 ita
472 3888 654 3951 abhorrebit
673 3909 785 3975 magna
796 3910 887 3972 pars,
908 3901 944 3953 ut
956 3901 1110 3971 egrotare

80 4003 238 4077 perpetuo
258 3990 354 4054 malit.

484 4106 709 4169 Ernhold

155 4211 199 4271 At
223 4219 376 4288 egrotare
404 4228 471 4270 uon
501 4208 739 4290 permittentur,
768 4208 854 4272 solus
873 4217 923 4271 est
950 4206 1001 4269 hic
1026 4206 1111 4269 enim

82 4308 227 4384 morbus,
259 4311 315 4392 qui
334 4308 472 4390 jucunde
494 4309 625 4395 quidem
643 4307 750 4372 adlicit
768 4328 842 4383 eos,
872 4307 990 4391 quibus
1005 4307 1108 4388 adest,
