2632 5086
173 797 179 819 '
213 816 284 883 282
499 808 560 881 De
585 805 736 906 Guajaci
760 804 954 878 medicina.

215 1002 329 1079 hyeme
356 1000 508 1074 abundat,
536 998 617 1063 soris
643 996 768 1073 delicit,
803 997 893 1080 qrrod
917 996 992 1059 tun‘c
1013 996 1056 1058 ob
1074 996 1240 1061 instantem

132 1088 134 1093 ¹
217 1100 417 1165 extrinsecus
441 1100 573 1178 frigoris
598 1120 723 1163 acorem
741 1096 876 1180 refugit,
914 1109 946 1159 et
965 1096 1004 1157 ad
1023 1096 1175 1163 interiora
1195 1121 1241 1168 se>

210 1192 365 1285 tauquam
390 1201 422 1264 in
452 1224 554 1263 arcem
581 1200 693 1281 recipit
718 1210 749 1261 ct
773 1197 947 1273 abstrudit,
986 1209 1089 1260 testate
1118 1213 1239 1277 contra,

212 1304 298 1362 calor
334 1300 366 1364 in
400 1302 541 1363 luuuanis
571 1300 786 1383 corporibus,
826 1300 968 1373 affinem,
1007 1312 1042 1361 ut
1075 1300 1240 1363 Aristoteli

217 1401 365 1477 videtur,
399 1412 524 1465 secutus
552 1406 674 1475 adrem,
714 1401 754 1461 ad
781 1399 940 1462 exteriora
970 1422 1004 1462 sc
1031 1400 1178 1463 diffundit
1204 1423 1239 1462 ac

220 1504 336 1565 evolat.
383 1500 426 1563 At
444 1501 606 1563 medicinae
626 1499 719 1581 hujus
738 1510 804 1573 est„
831 1500 985 1561 reducere
1004 1499 1186 1578 deperditos
1206 1504 1238 1565 iu

216 1620 334 1681 corpus
368 1602 508 1676 calores,
550 1602 593 1662 ob
623 1603 722 1685 idque
751 1599 876 1679 ¹ridetur
906 1598 1082 1683 incongrue
1112 1605 1239 1683 experi-

210 1714 351 1765 mentum
372 1704 432 1763 hoc
452 1700 529 1761 adiri
552 1702 639 1785 quod
659 1712 734 1763 tunc
753 1700 928 1783 periculum
947 1722 1017 1765 esse
1037 1713 1163 1782 putant,
1194 1726 1236 1764 nc

212 1802 239 1865 si
268 1804 306 1865 ad
334 1801 475 1865 intranea
504 1812 701 1865 convocetur
727 1812 945 1864 extremorum
974 1804 1079 1878 calor,
1113 1815 1236 1865 artuum

211 1912 302 1965 extra
322 1902 370 1964 vis
387 1901 478 1965 nimis
498 1904 659 1967 desoletur
684 1908 716 1965 el
736 1906 884 1965 exhausta
911 1904 967 1979 sit,
988 1904 1034 1967 lris
1055 1906 1235 1984 praesertim,

213 2004 270 2087 qui
302 2016 412 2066 natura
444 2004 582 2085 frigent,
622 2004 737 2086 quibus
769 2004 887 2087 alioqui
915 2006 1027 2083 hyeme
1062 2009 1148 2069 calor
1177 2030 1236 2088 pro

214 2104 355 2167 extincto
373 2116 437 2178 est,
456 2117 485 2166 et
509 2125 625 2184 corpus
644 2104 677 2164 vi
693 2102 822 2177 frigoris
837 2116 998 2179 enectum,
1020 2128 1055 2166 ac
1070 2114 1237 2171 ‹temortuo

216 2205 384 2287 persimile.
408 2206 471 2267 Sed
483 2206 532 2268 hic
544 2206 797 2287 praetereundum
810 2204 936 2266 minime
948 2217 995 2268 est
1007 2209 1095 2288 qnod
1105 2206 1237 2290 Coppus

211 2317 339 2381 monet,
368 2329 440 2370 cum
462 2309 595 2370 sudores
618 2316 745 2367 moveat
765 2304 940 2385 Guajacum
959 2305 1004 2367 sic
1024 2310 1121 2367 malos
1141 2331 1237 2372 exerr-

211 2407 293 2471 tiens
308 2429 437 2480 succos,
455 2420 486 2468 ct
506 2427 524 2467 a
538 2426 644 2467 nocuo
662 2424 779 2486 corpus
796 2406 928 2468 humore
944 2408 1061 2468 levans.
1093 2409 1236 2488 Inprimis

212 2520 315 2591 aptam
342 2511 382 2571 ad
408 2511 473 2570 lraec
500 2517 654 2581 aestatem,
694 2528 757 2589 qua
783 2507 962 2568 subtiliores
988 2507 1050 2567 sint
1078 2510 1236 2588 humores,

211 2610 293 2673 cutis
312 2610 433 2682 rarior,
461 2617 571 2668 contra
592 2606 746 2668 obstructi
765 2608 876 2685 hyeme
896 2608 1022 2670 sudoris
1040 2622 1179 2686 meatus,
1206 2626 1236 2674 et

214 2708 303 2775 succi
319 2709 351 2770 in
371 2712 511 2786 corpore'
523 2707 674 2768 concreti.
712 2707 748 2768 ln
770 2706 858 2768 aliam
872 2728 984 2770 unsns
1000 2720 1031 2771 et
1050 2711 1237 2774 contrariam

215 2807 416 2880 sententiam,
449 2807 522 2889 quia
549 2808 581 2871 in
607 2808 787 2883 curatione,
814 2830 883 2892 quac
909 2829 966 2889 per
987 2808 1161 2890 Gnajacum
1191 2814 1235 2889 fit,

211 2907 313 2987 majus
343 2905 417 2968 nihil
445 2908 607 2987 patiuntur
637 2910 713 2985 aegri
741 2931 834 2991 quam
862 2909 961 2984 sitim,
993 2922 1088 2993 atque
1116 2934 1153 2976 ea
1179 2935 1237 2994 per

212 3020 347 3073 oetatem
365 3008 468 3072 acrius
485 3008 611 3073 infestat
626 3009 821 3092 jejunantes,
843 3009 1018 3076 difficillime
1031 3022 1106 3072 tunc
1121 3034 1138 3073 a
1157 3027 1237 3094 potu

211 3109 370 3175 abstinere
388 3132 505 3193 aeguum
522 3112 722 3174 arbitrantur.
762 3112 868 3191 Quare
887 3110 919 3173 in
934 3110 1110 3191 Hispaniis,
1133 3125 1164 3174 et
1182 3114 1236 3175 ubi

211 3214 429 3276 veliementior
449 3226 553 3278 aestate
574 3217 676 3289 calor,
706 3232 771 3273 nou
792 3212 893 3273 adhuc
911 3212 980 3275 fere
1001 3212 1067 3274 ausi
1088 3225 1160 3283 sunt
1177 3216 1238 3275 hoc

211 3314 361 3395 temporis
381 3313 521 3393 experiri
537 3335 614 3376 cam.
654 3314 747 3377 Adde
766 3314 854 3401 quod
869 3334 927 3395 por
943 3315 1085 3392 lryerncm
1101 3316 1238 3378 nascitur

212 3414 352 3497 pituita,
390 3425 591 3496 augeturque
625 3424 756 3493 propter
788 3414 904 3496 largius
938 3424 1129 3495 assumptum
1162 3426 1237 3477 tuuc

211 3514 334 3587 cibum,
355 3526 390 3576 ut
409 3514 593 3576 Alexandro
613 3514 833 3594 Aphrodisiaeo
854 3514 995 3586 videtur,
1025 3527 1055 3576 at
1075 3516 1237 3578 curatione

211 3616 269 3679 hac
288 3616 321 3677 in
341 3636 405 3699 qua
423 3615 598 3677 lamesccrc
616 3614 786 3690 convenit,
813 3613 839 3677 si
859 3624 935 3677 tunc
955 3616 1101 3692 atleatur,
1133 3618 1238 3679 caveri

211 3718 274 3779 hoc
300 3717 427 3799 poterit.
479 3718 557 3796 Quor
586 3714 715 3799 quidem
743 3716 783 3778 de
810 3716 936 3779 duobus
967 3716 1032 3781 istis
1061 3718 1134 3779 anni
1162 3730 1238 3779 tem·

212 3816 346 3898 poribus
375 3814 438 3879 dici
464 3826 616 3896 possunt,
652 3814 807 3897 intensius
835 3818 972 3879 calorem
999 3830 1030 3881 et
1055 3818 1157 3893 frigus
1185 3819 1240 3879 ad-

214 3918 412 3991 serentibus,
452 3938 521 3999 quae
547 3910 651 3979 media
677 3916 759 3980 inter
790 3918 840 3979 illa
866 3930 954 3993 sum,
996 3939 1107 3981 corum
1135 3919 1239 3979 videri

213 4028 319 4101 potest
336 4017 562 4098 ineptissimum
583 4038 653 4080 esse
671 4021 864 4107 autumnale,
890 4018 979 4100 qnod
996 4028 1070 4079 tuuc
1085 4018 1239 4080 maximus

218 4117 439 4197 egritudinum
466 4116 606 4180 onmium
634 4128 809 4197 proventus
836 4128 903 4185 est,
936 4126 968 4175 et
993 4116 1032 4177 ad
1057 4115 1148 4197 pejus
1171 4137 1240 4176 mo-

214 4230 330 4281 rentur
361 4221 520 4282 humores.
566 4216 649 4303 Quia
672 4229 751 4298 puto
777 4214 930 4297 inaequale
955 4226 1003 4276 cst
1027 4217 1088 4276 lroc
1115 4226 1238 4293 tempus

215 4320 448 4395 inordinatum,
483 4332 515 4383 et
542 4340 702 4403 nunquam
730 4316 791 4382 sihi
816 4325 984 4387 cerostatis,
1021 4325 1115 4395 atque
1142 4315 1239 4393 igitur

215 4423 420 4485 rmdtilormcs
440 4421 593 4484 inducens
612 4421 752 4484 morbos.
790 4414 876 4499 (luia
897 4412 990 4476 etiam
1009 4414 1161 4493 plurimos
1182 4438 1239 4498 op-
