2632 5086
114 726 119 734 ¹
207 782 284 867 nt
356 818 362 833 ·
488 724 732 885 uniuersos
762 782 952 884 musgus

678 978 768 1043 Sol.

279 1080 344 1149 Alii
366 1081 460 1159 hinc,
489 1080 847 1155 oliuoliioboousrs.
878 1076 1169 1163 volquireelum
1195 1076 1238 1141 iis

202 1183 267 1253 tole
305 1193 364 1275 est·
1214 1186 1217 1191 ’

155 1292 164 1307 “
602 1298 824 1363 Phaethon.

281 1398 379 1465 Certe
410 1399 586 1463 Germanos
615 1398 732 1463 rubere
764 1397 878 1474 virleu,
909 1395 984 1481 quir
1008 1398 1168 1475 letentur,
1201 1410 1235 1461 et

204 1500 326 1577 fidunt,
351 1501 528 1584 obsuntque
550 1500 590 1563 rb
610 1500 668 1576 iis,
699 1522 769 1584 quoe
787 1508 925 1562 mentem
948 1492 1065 1572 urunt{
1092 1497 1234 1563 animuin

150 1682 154 1691 .
202 1602 348 1676 turbent,
362 1617 395 1665 et
408 1602 591 1684 sanguinem
606 1599 765 1674 minuunt,
787 1620 881 1682 qrram
893 1594 1109 1682 largimine,
1123 1620 1232 1684 neque

200 1701 289 1765 enim
307 1700 411 1778 curis,-
433 1712 466 1763 et
484 1699 691 1764 sollicitudine
712 1698 809 1764 video
831 1699 1056 1764 commacerari
1075 1720 1150 1776 eor,
1177 1717 1233 1766 eut

201 1802 322 1885 edlligi.
355 1806 441 1866 Ecce
456 1813 561 1865 eutem
574 1800 717 1866 erarium
732 1822 800 1863 non
816 1800 911 1864 video
925 1800 1041 1863 hebere
1057 1820 1114 1863 eos
1128 1800 1232 1880 publi-

201 1922 292 1978 cum,
311 1913 402 1966 vetus
418 1902 534 1985 opinor
544 1901 857 1968 Lacedernoniorum
869 1899 1045 1963 institutum
1057 1900 1229 1968 iniuntur,

164 2036 167 2041 ·
202 2014 237 2066 et
254 2003 369 2068 bellurn
388 2004 516 2087 qrrondo
544 2003 721 2087 gerendum
738 2012 804 2078 est,
835 2000 951 2065 viritim
971 2001 1159 2079 conferunt,
1192 2025 1229 2066 ac

202 2102 319 2187 tinguli
335 2102 479 2168 tribuunt
500 2103 534 2167 in
552 2101 724 2185 sumptus?

556 2290 561 2299 ,
617 2256 622 2263 -
673 2219 757 2283 Sol.

113 2352 120 2369 ¹
212 2350 215 2354 ·
276 2311 446 2387 Pulchrum
466 2331 499 2382 et
518 2321 600 2396 hoc,
627 2339 700 2382 nem
719 2317 762 2382 ito
789 2318 889 2384 libere
908 2320 1036 2396 vivunt,
1064 2332 1101 2384 ut
1116 2341 1225 2403 neque

198 2420 237 2487 itt
255 2422 322 2487 otio
340 2420 482 2507 cogitent
500 2420 541 2484 de
560 2420 710 2505 negotio,
730 2441 837 2505 neque
856 2422 889 2481 in
909 2441 985 2501 poce
1003 2420 1065 2482 sint
1082 2421 1223 2484 debello

198 2522 343 2600 solliciti,
364 2525 483 2586 intuto
506 2532 609 2601 autern
628 2542 701 2585 curn
716 2530 803 2597 sunt,
827 2522 868 2584 de
887 2520 1028 2603 periculo
1047 2539 1115 2584 uon
1133 2524 1224 2588 venit

199 2621 236 2689 in
254 2636 393 2690 mentem
412 2622 499 2709 ipris.

606 2737 830 2803 Pha'e'thon.

140 2904 149 2913 ,
273 2838 378 2905 Etiam
402 2861 469 2905 uon
492 2841 671 2903 consultant
690 2849 762 2903 unte
780 2831 922 2902 bellum?

667 2957 689 3018 S
700 2977 720 3019 o
732 2958 752 3022 l.

270 3053 308 3117 ln
330 3053 414 3117 bello
435 3057 632 3133 consultant,
656 3077 729 3120 nam
757 3056 886 3120 audacia
911 3056 981 3132 his,
1012 3066 1045 3119 et
1063 3056 1221 3119 temeritas

94 3184 97 3189 ·
194 3152 231 3221 in
242 3142 409 3219 consilium
424 3156 560 3219 vertitur
571 3158 775 3240 plerumque,
795 3157 1063 3221 nesciunt-autem
1081 3156 1222 3234 insidias,

194 3272 303 3339 neque
321 3254 369 3319 ric
386 3267 548 3339 pugnent,
570 3257 629 3322 sed
647 3272 757 3338 oporto
777 3258 899 3323 Illorte.

600 3371 818 3438 Phaethon.

268 3466 408 3533 Multorn
423 3470 524 3534 laudis
550 3469 619 3551 jore
642 3466 819 3556 'occipiunt,
848 3490 961 3541 verum
987 3474 1109 3560 nequid
1128 3476 1222 3557 igno·

192 3584 279 3646 ten,
299 3590 427 3652 expone
442 3570 583 3636 breviter
594 3573 642 3637 ‹le
659 3595 768 3640 rerum
787 3578 871 3657 opud
882 3579 941 3641 lroo
952 3578 1184 3662 gnrbernrculir.

660 3692 749 3757 Sol.

266 3786 409 3851 Primum
429 3799 541 3853 namra
569 3801 636 3868 est,
667 3812 740 3876 que
766 3793 921 3858 detrectet
947 3795 1131 3877 imperium,
1159 3815 1221 3857 nec

189 3884 283 3951 lentie
311 3887 483 3972 gubernari
512 3892 666 3955 sustinent
694 3914 777 3976 quos
803 3895 894 3959 vider
917 3908 1023 3959 eutem
1047 3895 1219 3977 principes,

189 3986 360 4053 liberaliter
375 3989 427 4066 iis,
447 4001 480 4054 et
497 3977 617 4056 summe
639 3993 703 4058 lide
716 4007 845 4075 parent,
866 3995 933 4059 eliis
948 3996 1016 4073 olii,
1039 3996 1073 4059 in
1090 3994 1220 4058 univer·

190 4106 262 4153 tum
274 4102 451 4173 egnorcunt
467 4110 576 4159 omnes
596 4095 681 4158 huno
698 4110 822 4173 senem,
843 4098 901 4183 qui
922 4097 1028 4165 Cesar
1041 4098 1081 4162 at>
1094 4097 1140 4162 cis
1161 4118 1221 4161 vo·

190 4196 301 4265 ntur,
328 4210 424 4274 quern
443 4193 548 4259 donec
566 4193 641 4275 ipsit
660 4217 770 4280 equus
790 4209 854 4276 est,
875 4201 999 4263 honore
1016 4220 1220 4282 prosequun-

188 4296 262 4364 tur,
283 4310 349 4352 non
369 4304 533 4370 metuunt,
556 4314 664 4380 neque
682 4296 776 4360 etiarn
795 4298 1007 4383 obsequentes
1021 4301 1113 4363 valde
1132 4313 1218 4376 erint,

188 4396 286 4473 utque
315 4390 389 4458 lunc
419 4395 478 4459 illo
509 4396 594 4479 opud
624 4414 676 4460 crs
705 4399 821 4463 crebro
850 4400 982 4483 publice
1019 4400 1218 4467 secessiones
