2632 5086
336 710 599 790 adalbertum
625 710 785 812 Princip.
814 710 874 787 bb.
1045 720 1116 789 313

94 907 189 979 dant,
208 904 248 965 ad
257 906 375 968 fistulas
389 905 489 986 ipsam
502 916 536 968 et
550 924 699 967 cancrum
709 916 742 969 et
754 926 936 989 gangraenas
949 908 1117 986 prolicere.

92 1008 248 1077 Medetur·
268 1006 448 1087 suspiriosis
467 994 743 1084 ettiuhelatttihus,
762 1008 789 1071 si
802 1011 865 1071 hoe
884 1015 900 1071 lt
914 1008 1046 1085 morbo,
1065 1018 1121 1071 aut

93 1128 137 1167 ex
156 1107 366 1187 perunctione
382 1107 423 1169 sit
441 1108 562 1169 vitium.
600 1107 664 1170 Sed
684 1108 757 1191 qnia
769 1109 857 1189 prins
872 1110 1027 1192 exposui,
1039 1130 1119 1192 ‚que

91 1211 171 1271 mala
190 1228 300 1270 seeum
325 1207 452 1270 invehat
476 1209 623 1295 morbus,
651 1230 920 1290 supervacaneum
944 1222 992 1273 est
1011 1209 1062 1272 hic
1081 1230 1119 1273 eu

93 1320 248 1389 repetere.
292 1307 388 1370 Tollit
404 1311 510 1371 omnia
523 1323 554 1373 et
571 1309 695 1391 perimit
719 1314 759 1372 ac'
773 1310 950 1395 extinguit,
977 1323 1013 1372 ut
1031 1310 1119 1391 prius

89 1408 179 1481 dixi,
199 1410 226 1470 si
246 1408 456 1470 vetustissima
476 1410 537 1471 sint
554 1410 714 1482 facillime,
740 1409 799 1489 jam
818 1422 850 1472 ct
868 1410 1048 1494 podagricis
1066 1411 1120 1473 da-

91 1522 143 1568 tur
170 1510 236 1587 pari
263 1507 457 1587 juvamerito.
496 1510 588 1573 Duos
612 1511 679 1572 vidi
708 1511 776 1591 ipse
805 1512 1018 1585 convaluisse,
1047 1532 1121 1575 cum

89 1609 298 1677 acerbissime·
310 1610 416 1671 allecti
440 1608 574 1688 pedihus
594 1624 717 1675 essentae
748 1613 811 1673 Sed
837 1612 952 1674 medici
971 1611 1121 1675 differen-

90 1722 139 1771 ter
159 1711 220 1771 hoe
246 1709 316 1770 lieri
340 1720 470 1789 putant,
497 1721 528 1770 et
547 1712 647 1773 solum
668 1714 821 1795 prodesse
847 1712 910 1786 his,
937 1733 979 1772 ex
1004 1710 1122 1792 frigida

90 1830 185 1870 cansa
213 1808 327 1891 quihus
351 1809 392 1871 sit
416 1808 589 1894 aegritudo,
622 1814 712 1895 qnod
738 1834 810 1876 cnm
836 1814 896 1875 illis
918 1814 1121 1893 expostulan-

90 1910 168 1970 dum
190 1908 347 1992 relinquo.
386 1910 528 1973 Salutare
555 1922 603 1973 est
618 1914 681 1977 hoe
702 1915 796 1977 etiam
815 1914 991 1975 remedium
1010 1924 1121 1975 contra

93 2009 270 2091 paralysim.
292 2013 294 2017 ’
313 2010 497 2092 Restinguit
524 1992 684 2076 recentem
708 2036 777 2078 eam
803 2036 839 2076 ac
860 2014 1003 2088 discutit,
1031 2013 1126 2097 quod,

92 2132 134 2172 ex
162 2110 314 2172 relatione
343 2098 488 2193 gravium
516 2111 680 2189 virorum,
714 2114 771 2199 qui
795 2116 857 2178 hoc
881 2126 1119 2196 cognoverunt,

91 2209 215 2283 scribo,
241 2232 310 2271 riam
329 2210 397 2290 ipse
427 2196 569 2275 nondum
594 2213 682 2290 vich,
714 2217 770 2300 qni
789 2215 835 2281 sic
855 2215 1002 2281 liberatus
1026 2226 1119 2278 esset.

91 2312 273 2375 Accedebat
302 2314 340 2374 ad
362 2315 522 2393 leprosum
545 2316 711 2397 quemdam
738 2316 848 2379 Ricius
874 2316 1014 2398 mihique
1040 2314 1122 2377 dixit

90 2426 218 2491 postea,
243 2434 310 2473 nen
326 2434 368 2475 ex
387 2424 456 2474 toto
474 2414 612 2476 levatum
632 2415 780 2497 quidem,
799 2417 856 2479 sed
872 2414 993 2478 iactum
1015 2425 1120 2479 tumen

92 2518 190 2575 mmto
211 2514 391 2587 meliorem,
414 2536 450 2578 ae
468 2510 664 2595 non‘pariam
682 2536 752 2579 esse
770 2515 971 2579 mundiorem
986 2512 1066 2596 jam,
1087 2526 1122 2577 et

92 2616 184 2675 talem
203 2613 282 2675 ferri
302 2615 358 2695 qui
373 2614 482 2695 possit.
520 2615 568 2678 lta
580 2627 615 2677 nt
629 2614 690 2677 sibi
708 2615 853 2679 videatur
867 2626 977 2700 tegere
991 2614 1121 2679 omnino

93 2734 130 2772 ac
157 2712 311 2775 remorari
337 2715 453 2793 lepram
475 2716 538 2779 hoc
562 2714 824 2779 medicamentum
847 2737 961 2798 posse,
993 2716 1123 2781 aufem

94 2812 229 2875 tortasse
249 2834 315 2875 non
334 2812 387 2877 ita.
423 2816 521 2897 Quod
541 2816 568 2879 si
589 2816 722 2877 iteretur
740 2828 792 2877 ant
813 2838 896 2897 saepe
920 2817 1013 2879 etiam
1030 2819 1123 2882 adea·

94 2928 146 2975 tur
163 2913 303 2988 curatio,
322 2925 387 2976 tum
403 2936 439 2978 se
456 2915 608 2991 credere,
633 2915 806 2977 diutissime
827 2916 947 2978 ‹lillerri
966 2938 1123 2980 summum

70 3002 196 3077 'morbi
226 3026 466 3093 nocumentum,
499 3018 679 3098 quanquam
706 3036 778 3094 spes
804 3015 864 3077 sibi
884 3034 1054 3098 permagna
1071 3016 1120 3093 sit,

90 3116 212 3178 recenti
231 3113 295 3196 jam
315 3118 399 3178 malo
422 3115 449 3181 si
468 3119 526 3181 hae
543 3118 596 3178 via
612 3136 779 3178 octrumum
797 3116 912 3189 suerit,
935 3136 1032 3196 posse
1046 3116 1123 3179 illud

92 3217 229 3298 abstergi
247 3218 391 3296 penitus,
412 3230 444 3278 et
461 3218 584 3282 restitui
600 3237 728 3299 aegrum.
766 3213 934 3301 Conantur
949 3216 1011 3296 jam
1030 3216 1122 3281 etiam

92 3318 165 3397 quia
184 3319 233 3380 vis
252 3318 291 3379 sit
311 3317 342 3380 ei
355 3317 507 3394 siccitlca,
529 3321 568 3380 ad
584 3340 696 3400 aquam
711 3319 896 3381 intercutem
914 3320 991 3380 dare
1010 3319 1120 3398 ipsam,

93 3414 185 3495 cujus
211 3418 258 3480 rei
278 3429 428 3480 eventum
457 3432 670 3500 expectamus.
709 3418 882 3498 Cognitmn
901 3432 949 3481 est
969 3420 1008 3480 ad
1025 3420 1122 3481 comi·

94 3514 196 3577 tialem
221 3518 367 3581 morbum
389 3518 507 3581 utiliter
532 3521 635 3595 smni,
665 3530 699 3580 ut
724 3517 837 3580 numici
860 3518 986 3597 dieunt,
1006 3518 1122 3600 frigida

94 3617 207 3678 morbo
227 3618 347 3698 species
368 3619 521 3682 siluerit.
560 3619 638 3682 Vidi
656 3640 698 3681 ex
716 3619 848 3680 aliorum
882 3620 975 3681 etiam
992 3620 1122 3681 morbo-

93 3736 164 3778 rum
179 3720 390 3794 noenmentis,
412 3720 469 3803 qni
480 3720 563 3781 intus
576 3720 772 3809 laborarent,
790 3729 822 3797 et
840 3719 1005 3779 stomachis
1016 3732 1123 3781 essent

92 3818 268 3901 corruptis,
296 3840 332 3882 ae
352 3821 554 3900 depravatis,
581 3832 733 3902 praeterea
752 3821 831 3882 nrale
854 3821 910 3902 qni
932 3822 1122 3902 perlicerent

91 3918 215 3994 cibum,
238 3922 340 4005 etqui
361 3943 404 3983 cac
421 3923 516 4003 longa
529 3921 715 4004 egritudine
734 3922 922 4002 recolligere
942 3942 978 3983 se
993 3923 1119 4005 vellent·

89 4040 127 4081 ac
147 4019 232 4083 vires
251 4042 421 4104 reparare,
443 4023 517 4089 huie
534 4023 691 4086 curationi
711 4022 877 4104 accingere
897 4042 950 4096 se,
978 4044 1044 4085 non
1065 4007 1119 4089 de·⁵

88 4122 288 4185 hortantibus
314 4123 462 4200 medicis,
490 4124 584 4187 [licio
608 4123 702 4187 etiam
723 4124 879 4204 probante
897 4121 932 4185 in
951 4123 1120 4208 aliquibus,

90 4224 187 4303 quod¹
197 4244 398 4303 cognoscere
422 4246 458 4295 ae
477 4223 598 4289 diceret
622 4230 640 4287 li
660 4210 751 4287 sanis
765 4224 860 4287 etiam
881 4235 935 4285 aut
949 4245 1015 4287 non
1033 4247 1120 4309 mags

89 4342 212 4402 nepere
232 4324 365 4387 adlectio
391 4325 490 4401 saliri,
514 4325 594 4388 eitra
616 4336 844 4397 nocumentum
867 4344 953 4387 eam.
983 4326 1121 4403 pertina-
