2632 5086
151 746 216 820 tol
326 746 370 821 ln
393 746 581 819 Ulrichum
605 744 988 842 Wiirtenbergensem

147 950 293 1020 possent,
315 940 473 1013 omnium,
494 927 621 1020 meique
641 936 860 1016 interprisum
878 934 985 1016 patris.
1018 932 1075 994 llle
1094 953 1174 1013 pro·

145 1040 271 1115 ilii-ratus
292 1053 355 1113 est,
383 1040 528 1123 inquam,
558 1038 651 1118 cujus
671 1036 771 1099 omnis
790 1036 824 1097 in
842 1036 904 1096 hoe
921 1054 989 1097 uno
1006 1035 1175 1096 corrstabat

146 1140 314 1216 industria,
332 1154 367 1202 ut
382 1138 769 1203 universamGermauiam
781 1134 1039 1197 contentionibus
1048 1134 1173 1198 disem-

146 1240 224 1314 diis,
243 1252 274 1301 ct
290 1241 499 1303 seditionibus
515 1240 674 1320 impleret,
694 1249 730 1299 ut
743 1236 904 1319 occupatis
918 1235 1069 1297 intestino
1085 1235 1170 1297 bello

145 1341 265 1402 circtuu
291 1341 437 1404 omuibus
464 1341 533 1421 ipse
558 1351 627 1401 tuto
651 1338 753 1412 eade,
784 1337 911 1417 rupina,
941 1347 976 1399 et
1001 1336 1171 1399 latrocinio

146 1462 240 1523 quiam
266 1442 412 1503 latissime
433 1451 639 1523 grassaretur.
683 1438 748 1517 Qui
772 1458 849 1500 suos
875 1439 973 1501 ternis
998 1436 1170 1520 quotannis

146 1541 365 1605 exactionibus
386 1541 571 1614 divexabat,
599 1539 685 1603 cives
705 1534 971 1619 depeculabatnr,
997 1540 1170 1618 populares

147 1642 343 1721 canuit-lau.
372 1643 474 1721 Quia)
484 1643 617 1716 cedem,
632 1651 664 1703 et
677 1640 817 1722 rapinam
829 1640 919 1701 vultu
928 1684 937 1713 ‚
946 1638 1065 1720 lingva,
1075 1660 1170 1703 manu

145 1754 323 1823 promptam
350 1742 468 1804 lralmit.
516 1742 580 1822 Qui
598 1739 838 1814 nobilissimam,
863 1760 899 1801 ac
918 1739 1170 1802 honestissimam

143 1840 319 1915 luminam,
355 1864 443 1904 stram
469 1839 641 1921 conjugem
665 1841 776 1903 mortis
800 1850 886 1903 metu
913 1839 1011 1902 domo
1037 1840 1169 1921 exegit3

145 1941 385 2022 impurissimam
405 1943 574 2015 mart-laam,
600 1939 693 2021 cnjus
713 1941 755 2002 ob
776 1941 809 2001 id
827 1939 974 2005 maritum
993 1951 1068 2002 aitte
1086 1940 1169 2002 occi·

144 2041 253 2115 derat,
267 2054 405 2121 ‹uratuor
421 2043 514 2121 juxta
528 2062 629 2105 arrrros
648 2043 681 2104 in
695 2063 756 2105 suo
770 2041 916 2104 cubiculo
929 2085 938 2115 ‚
952 2039 986 2101 in
1003 2041 1056 2102 illo
1069 2040 1168 2105 viduo

144 2141 238 2203 tltoro
253 2141 335 2203 losit
347 2154 378 2202 et
394 2144 578 2222 complexus
594 2153 652 2205 est.
690 2140 856 2221 Quisnam
868 2141 998 2203 domum
1010 2140 1168 2223 probitate

145 2262 217 2304 cum
238 2254 437 2315 evacuasset,
465 2243 637 2305 sceleribus
653 2242 843 2322 adimplevit.
888 2242 1027 2317 Nam⁹³l
1039 2242 1169 2325 quicum

143 2342 206 2407 tuit
224 2343 267 2405 illi
287 2364 367 2422 pax,
394 2355 425 2403 et
446 2345 661 2417 consuetudo,
686 2364 781 2426 qtrant
798 2364 872 2405 curu
890 2341 985 2407 meris
1005 2343 1169 2419 verrelieis,

144 2443 334 2518 latronibus,
354 2444 489 2516 sicariis,
505 2444 684 2523 parricidis,
701 2442 864 2517 adulteris,
881 2439 1011 2523 perditis
1026 2443 1167 2527 dariique

145 2544 313 2617 omnibns,
345 2555 440 2625 atque
464 2543 524 2605 illis
551 2545 632 2605 adeo
658 2544 852 2618 tortoribus,
887 2555 920 2604 et
941 2543 1168 2608 carnificibus?

145 2640 213 2704 llisi
240 2643 302 2703 hoc
330 2643 408 2724 fingi
435 2664 453 2705 a
479 2662 530 2704 me
559 2655 646 2722 putat
671 2644 802 2728 aliquis,
835 2656 867 2705 et
887 2643 1008 2706 audivit
1028 2643 1167 2719 interim,

143 2761 233 2815 eum,
262 2741 319 2825 qni
339 2742 471 2821 probam
496 2744 659 2805 mulierem
680 2766 767 2807 suam
793 2742 986 2826 covrjugcm,
1017 2741 1081 2824 jam
1101 2757 1168 2807 tura

144 2840 321 2921 gravidam,
344 2848 407 2907 una
427 2862 500 2904 cunt
516 2838 706 2927 pedissequa
724 2844 870 2925 gravida,
896 2857 928 2905 ct
948 2846 1067 2907 lamule
1088 2868 1166 2921 uno,

141 2943 253 3003 eadem
270 2955 364 3027 atque
377 2964 440 3007 una
458 2946 536 3006 hora
555 2946 727 3019 occiderat,
750 2947 837 3027 quod
856 2945 994 3023 optimus
1010 2949 1167 3011 scelerum

141 3044 256 3105 artilex
270 3043 449 3121 videretur,
463 3045 496 3107 in
509 3046 653 3127 equitum
665 3045 878 3128 magisterium
890 3046 930 3106 ab
943 3046 995 3108 illo
1008 3060 1168 3123 evectum,

140 3164 200 3218 eo,
218 3145 273 3226 qtri
293 3167 381 3207 stram
400 3146 461 3225 ipsi
480 3146 573 3209 liliam
592 3148 631 3207 ad
650 3158 794 3228 stuprum
814 3148 1055 3220 conciliaverat,
1075 3150 1166 3231 quasi

140 3244 197 3327 qni
216 3244 375 3306 nmleliciis
394 3247 537 3325 superari
557 3247 748 3322 sustineret,
778 3259 809 3311 et
829 3248 933 3309 bouus
952 3247 1046 3311 nimis
1072 3261 1165 3323 esset,

139 3344 277 3425 privato.
318 3345 409 3425 Opus
434 3358 501 3407 erat
526 3347 569 3409 illi
595 3347 680 3412 erum
704 3368 770 3410 non
795 3347 975 3431 simpliciter
993 3350 1164 3423 sceleratis,

139 3446 197 3507 sed
222 3449 341 3528 ligurus
372 3446 550 3527 querebat,
590 3459 623 3509 et
648 3449 807 3513 scelerum
829 3458 974 3530 portenta
1005 3446 1165 3532 exigebat.

139 3546 247 3624 Qum
271 3546 316 3605 sic
341 3567 510 3626 possumus
530 3546 658 3622 dicere,
690 3548 717 3611 si
743 3550 827 3611 nulla
853 3559 937 3613 esset
961 3549 1054 3613 etiarn
1080 3561 1164 3613 tauta

138 3643 390 3725 improbitatum,
422 3668 458 3709 ac
485 3649 692 3726 pessimorum
718 3647 897 3714 facinorum
919 3650 960 3713 da
979 3651 1042 3715 lroc
1060 3650 1164 3713 babila

138 3744 296 3828 cognitio,
325 3747 440 3825 lugere
459 3769 532 3809 eum
560 3766 669 3808 omues
691 3760 795 3813 tarnen
824 3751 945 3832 optimo
972 3750 1046 3828 iure
1072 3765 1164 3832 pote·

138 3856 222 3919 rant,
247 3846 338 3929 quod
356 3846 414 3907 hac
433 3867 468 3910 se
488 3848 638 3923 amicitia,
669 3849 717 3911 his
736 3851 957 3931 stipatoribus,
985 3854 1045 3915 lrao
1064 3853 1165 3935 pessi·

136 3966 261 4011 mortun
295 3946 458 4009 homiuum
486 3949 635 4013 societate
667 3953 750 4013 ultro
780 3952 1011 4034 coinquinaret.
1064 3955 1164 4037 Quod

56 4115 62 4125 Ι
137 4045 318 4108 acaneellis
341 4046 472 4111 baberet
488 4046 722 4123 fraudatorem,
749 4051 873 4125 furem,
903 4065 1164 4119 testamentorum

136 4141 371 4223 subjectam,
413 4146 572 4213 bonorum
598 4151 788 4229 delatorem,
826 4154 927 4219 ononis
957 4157 1171 4239 nucerinos..

169 4347 200 4412 ο)
218 4360 288 4417 W:
304 4358 374 4417 Qum,
411 4350 456 4417 ss)
472 4370 518 4407 ,ω
535 4363 644 4424 vntum
662 4368 728 4413 naar
745 4358 876 4427 helmst
