2632 5086
109 1352 243 1425 Ulrichi
290 1351 337 1423 de
374 1351 520 1423 Hntten
543 1350 621 1445 Ἐς.
662 1353 787 1424 Germ.
826 1353 873 1425 de
917 1348 1136 1431 admirando

108 1474 260 1574 Gunjnci
291 1473 500 1564 medicina,
547 1493 585 1544 et
617 1473 737 1545 morbi
780 1475 908 1548 Gallici
940 1478 1133 1554 curatione

108 1597 153 1667 nil
187 1593 397 1693 Principem
430 1595 619 1668 illbcrtum
655 1595 888 1669 Cardinalem
922 1613 960 1672 et
983 1600 1133 1676 Anchie-

328 1697 355 1711 ”
381 1717 596 1815 piscopum‚
622 1717 737 1791 Liber
760 1710 863 1792 unusss

552 1922 693 1944 ———-d

509 2053 645 2119 ¹(incur
683 2057 708 2118 1.

313 2185 362 2247 De
383 2181 487 2245 morbi
508 2182 618 2244 Gallici
639 2191 712 2244 ortu
732 2194 763 2243 et
782 2185 922 2248 nomine.

107 2331 232 2422 Visum
252 2361 323 2422 Deo
342 2370 408 2432 est,
429 2369 461 2419 et
479 2333 586 2418 nostra
606 2367 693 2420 aelale
712 2358 843 2422 morbos
864 2359 941 2422 oriri
958 2357 1134 2440 majoribus

107 2472 141 2521 nt
161 2461 341 2522 existimare
369 2461 462 2533 licet,
501 2458 693 2549 incognitos.
735 2460 849 2524 Annus
875 2457 937 2521 fuit
965 2458 1133 2524 acnristo

106 2571 180 2621 nato
218 2572 292 2640 post
324 2560 521 2622 millesimum
548 2569 580 2616 et
615 2558 961 2641 quadringentesimum
991 2578 1134 2642 nonage-

105 2663 202 2724 simus
225 2661 337 2722 tertius
357 2671 410 2721 eut
432 2657 531 2733 circa,
558 2679 630 2719 eum
649 2657 777 2739 irrepsit
801 2658 988 2741 pestiferum
1005 2660 1133 2735 moun,

106 2782 174 2820 non
206 2761 241 2820 in
271 2759 369 2820 Gallia
398 2759 547 2840 quidem,
588 2758 646 2819 sed
674 2759 759 2840 apud
788 2758 956 2842 Neapolim
985 2759 1134 2841 primum,

107 2881 225 2920 nomen
247 2879 324 2920 vero
346 2859 420 2920 inde
437 2843 666 2934 sortitnm'est,
696 2860 787 2942 qnod
803 2859 836 2922 in
858 2861 1021 2949 Gallorum
1041 2878 1135 2923 exer·

107 2960 195 3033 citu,
234 2958 289 3042 qui
325 2958 386 3020 illic
413 2959 521 3022 Caroli
546 2960 631 3040 regis
655 2958 710 3022 sui
736 2955 1133 3041 auspiciis'belligerobet,

105 3060 250 3140 apparuit
266 3060 354 3142 prius
376 3081 471 3143 quom
491 3082 627 3142 usquam
648 3059 731 3120 alibi».
771 3062 843 3140 Qun
863 3056 1032 3121 occasione
1053 3058 1135 3123 Galli

103 3163 279 3224 ominosam
299 3161 394 3223 nli-se
416 3160 657 3244 appellationem
683 3159 865 3222 amolientes
891 3176 958 3220 non
978 3157 1134 3223 Gallicum

103 3266 200 3338 lrunc,
231 3263 289 3324 sed
316 3262 464 3323 morbum
490 3260 730 3340 Neapolitanum
750 3270 882 3335 vocent,
917 3269 950 3322 et
967 3269 1134 3323 contume-

74 3369 79 3377 '
103 3361 174 3423 liam
201 3372 380 3443 agnoscunt
405 3364 628 3443 cognominem
647 3361 706 3424 sibi
725 3371 846 3443 pestem
870 3358 952 3422 lieri.
991 3356 1133 3421 Persieit

104 3472 208 3522 lamen
236 3461 378 3543 gentium
400 3482 596 3539 consensus,
630 3475 662 3524 et
688 3482 748 3524 uos
773 3462 835 3523 hoe
861 3463 1016 3542 opusculo
1036 3458 1132 3523 Gelli-

106 3580 179 3622 cum
197 3561 353 3637 dicemus,
381 3584 448 3623 non
467 3562 587 3626 invidio
606 3563 736 3646 quidem
755 3561 858 3644 gentis
878 3559 1068 3632 clarissime,
1100 3571 1132 3621 et

107 3680 172 3739 qno
200 3660 255 3720 vix
279 3664 337 3724 alia
367 3664 406 3725 sit
434 3665 496 3725 hoe
525 3677 670 3743 tompore
699 3661 824 3725 civilior
852 3673 906 3724 ant
934 3661 1131 3742 hospilolioe,

105 3758 163 3818 sed
192 3759 283 3822 veriti
308 3784 348 3825 ne
377 3785 441 3823 non
468 3765 542 3826 solis
570 3763 743 3843 intelligant
768 3782 897 3837 omnes,
930 3762 958 3826 si
987 3763 1130 3846 quolibet

105 3856 167 3918 olio
187 3859 315 3924 nomine
332 3884 400 3925 rem
420 3863 591 3946 signemus.
629 3865 716 3928 Mira
734 3864 928 3928 eum-statim
946 3861 1129 3945 superstitio

104 3958 247 4038 excepit,
269 3963 457 4045 quibusdum
476 3964 543 4026 divi
560 3966 669 4028 neseio
689 3962 782 4045 enjus
802 3964 968 4026 o'nomine
985 3962 1130 4027 Meuiu-

102 4059 302 4125 voeantibus.
321 4066 324 4071 ’
340 4064 419 4127 Aliis
449 4064 489 4125 ob
515 4065 613 4129 Jobbi
638 4063 744 4128 scabie
771 4065 929 4147 originem
946 4062 1018 4144 ejus
1038 4084 1129 4145 repe·

101 4159 259 4235 tentibus,
291 4183 388 4245 quem
415 4165 513 4227 credo
538 4166 570 4227 in
590 4165 692 4231 Divos
711 4165 818 4227 relulit
836 4168 900 4229 hec
919 4166 998 4228 lues.
1035 4165 1130 4229 Houil

102 4259 163 4319 alio
191 4261 333 4324 creditne
358 4274 434 4326 tunc
460 4278 528 4341 est,
560 4267 719 4349 languisse
743 4266 858 4329 morbo
878 4258 1035 4350 Euagrius
1056 4265 1130 4329 olim

103 4363 292 4436 monnellus,
329 4384 400 4426 enm
428 4386 485 4446 per
511 4362 635 4429 tleserl'a
659 4367 762 4448 frigus
788 4366 993 4429 immoderate
1011 4365 1134 4441 ferens,
