2632 5086
332 718 438 793 Trias
463 715 632 790 Romana
653 713 841 818 Dialogus.
1026 718 1097 797 477

482 911 688 975 Ernlrold.

145 1014 241 1093 Quod
270 1013 349 1075 laxit
377 1012 539 1088 Christus,
573 1011 690 1095 siquod
721 1020 840 1074 lantum
871 1012 985 1075 malum
1004 1008 1098 1085 chri,

66 1113 156 1186 stiani
175 1115 262 1176 orbis
279 1115 377 1176 latum
392 1125 513 1196 premat
526 1135 603 1188 nos,
623 1124 657 1175 ut
679 1111 894 1176 aClrristianis
911 1113 1096 1193 desperetur

66 1215 129 1274 hac
150 1217 300 1277 malorum
322 1218 406 1298 apud
426 1238 460 1279 se
480 1236 604 1278 morum
633 1215 829 1288 emendatio,
859 1225 927 1275 tum
950 1213 1045 1276 velim
1064 1224 1097 1275 et

65 1335 178 1392 capere
203 1316 313 1377 urbem
336 1318 476 1392 'l'urcas,
503 1329 535 1380 et
556 1317 590 1378 in
609 1315 678 1397 ipsa
695 1314 773 1377 istos
793 1313 890 1389 urbe,
924 1334 961 1376 ac
980 1313 1096 1394 passim

64 1415 226 1493 jugulare,
255 1429 286 1478 et
311 1419 452 1491 caedere,
478 1439 544 1479 non
576 1416 736 1479 insontem
765 1415 895 1497 quidem
921 1416 1094 1495 populum,

64 1518 124 1577 lroc
148 1518 231 1578 enim
254 1516 420 1599 prohibeat
453 1528 596 1580 servator
620 1516 786 1592 Christus,
818 1517 875 1577 sed
895 1535 1096 1578 communem

63 1620 141 1678 hanc
162 1619 361 1698 publicorum
380 1638 504 1679 morum
522 1618 749 1697 corruptelam,
770 1618 936 1697 praeclaros
949 1617 1006 1679 hos
1026 1638 1094 1679 mo-

62 1741 132 1779 rum
153 1720 339 1797 magistros,
362 1718 418 1801 qui
438 1728 523 1779 tanto
541 1738 613 1783 cum
635 1716 798 1797 religionis
817 1718 913 1793 hujus
934 1717 1093 1785 dedecore

64 1819 193 1900 publicae
216 1817 369 1899 perniciei
388 1829 540 1901 praeeunt.

500 1936 665 1997 Hutten.
719 1994 722 1998 ,

139 2032 218 2112 Quis
249 2036 377 2097 miratur
407 2035 568 2098 Bolremos
601 2035 698 2114 igitur
724 2031 843 2116 aliquid
877 2006 987 2111 arrsds,
1020 2053 1094 2125 cum

60 2133 281 2214 hujuscemodi
301 2135 376 2196 dent
394 2136 490 2197 hodie
511 2135 542 2197 hi
561 2134 731 2197 invadendi
750 2136 799 2197 sui
820 2133 1028 2200 occasiones?

481 2250 676 2328 Ernhold.

135 2351 199 2430 Qui
229 2351 443 2432 improbamus
463 2353 572 2426 eriam,
610 2371 675 2413 uon
694 2349 843 2413 miramur
862 2361 983 2430 tamen,
1013 2352 1091 2415 tales

59 2464 131 2514 sunt
172 2453 272 2526 enim,
318 2463 354 2513 ut
392 2455 566 2532 majoribus
597 2453 698 2515 adhuc
726 2454 825 2515 multo
852 2452 949 2515 malis
981 2471 1090 2516 causae

57 2552 219 2634 praebituri
240 2552 419 2612 videantur.

424 2697 426 2701 ⁷
481 2666 646 2731 Hnrten.

135 2766 182 2827 lbi
204 2765 281 2848 quid
301 2766 482 2829 Vadiscus?
502 2767 597 2843 Tria,
627 2768 746 2850 inquit,
768 2769 968 2833 Germaniam
985 2772 1089 2837 hacte-

57 2887 118 2927 nus
139 2888 250 2947 sapere
270 2888 335 2930 non
355 2869 582 2949 permiserunt:
613 2868 792 2948 principum
810 2868 955 2951 ignaria,
984 2871 1089 2938 litera·

55 2989 127 3030 rum
148 2967 319 3051 imperitia,
341 2982 373 3031 et
391 2971 479 3053 vulgi
500 2967 694 3048 superstitio.

478 3086 673 3149 Ernhold.

130 3186 206 3246 Haec
226 3199 299 3248 sunt
318 3187 466 3269 prolecto
487 3187 572 3268 ipsa,
602 3188 667 3249 haec
686 3195 776 3261 sunt,
796 3184 958 3248 Huttene!
978 3186 1035 3249 sed
1055 3185 1089 3251 in

54 3285 279 3363 superstitione
301 3287 462 3371 quoddam
488 3298 536 3348 est
556 3288 657 3350 adhue
676 3286 722 3348 eis
743 3283 899 3367 sperabile
917 3285 1089 3352 admodum

54 3385 252 3464 praesidium,
287 3388 328 3449 ‹le
357 3386 552 3470 principibus
572 3386 715 3450 alacriter
734 3385 890 3469 promittis
911 3396 963 3465 lu,
989 3389 1086 3453 literae

54 3505 133 3545 vero
154 3483 217 3563 jam
236 3483 385 3549 videntur
398 3487 553 3563 evasisse,
576 3509 611 3551 ac
632 3488 664 3550 in
684 3496 752 3550 tuto
774 3509 856 3553 esse.

460 3606 492 3668 H
508 3629 531 3666 u
549 3617 586 3669 tt
600 3619 627 3673 e.
636 3626 669 3667 n.

131 3701 228 3780 Quod
247 3702 304 3762 hos
332 3678 472 3778 mdrdet,
502 3723 534 3769 et
559 3708 636 3766 male
656 3723 800 3787 peream,
827 3706 855 3768 si
872 3726 957 3782 non,
984 3717 1020 3769 ut
1039 3724 1086 3773 est

50 3801 211 3884 iniquitas,
242 3801 387 3864 videmur
419 3803 510 3866 nimis
541 3803 603 3883 jam
632 3803 676 3866 eis
707 3808 819 3877 callere
851 3805 951 3867 bonas
984 3818 1083 3883 artes,

50 3903 141 3965 nimis
154 3902 274 3965 versari
295 3903 328 3965 in
339 3902 469 3980 studiis,
489 3925 678 3988 quamquam
689 3925 748 3968 nos
762 3907 855 3969 multa
869 3905 1086 3977 desideremus

51 4003 106 4066 ui.
753 3995 755 4001 ’

472 4121 670 4186 Ernhold.

125 4219 172 4281 lta
198 4230 246 4281 est
272 4218 440 4300 prolecto,
473 4233 505 4285 et
530 4223 621 4306 quod
639 4221 781 4286 scribunt
799 4222 894 4295 etiam
912 4222 1083 4297 Germani,

48 4317 180 4380 multum
199 4323 346 4386 existimo
366 4320 533 4403 displicere
552 4321 609 4385 eis.
