2632 5086
443 713 490 784 ad
515 710 665 785 Petrum
691 714 738 786 de
762 713 936 837 Aut'sam
1117 724 1181 794 ldl

159 905 217 966 lum
234 924 343 966 meum
362 904 500 984 perdere
520 904 623 967 virum
644 916 701 969 est.
738 906 813 969 Non
833 907 872 970 ιιι]
891 908 1046 986 judicium
1063 929 1181 975 vocare

158 1004 353 1067 criminosam
380 1005 567 1067 effictionem
586 991 736 1080 voluisti,
767 1008 824 1069 sed
843 1009 934 1090 qnasi
954 1023 989 1072 tu
1009 1010 1059 1073 ille
1083 1011 1126 1073 sis
1146 1012 1180 1075 iu

156 1104 323 1166 Germania
348 1102 467 1180 judex,
500 1106 556 1187 qui
585 1107 626 1168 ita
650 1108 763 1168 habeas
788 1109 956 1172 damnandi
980 1123 1178 1192 potestatem,

153 1216 183 1266 ut
208 1217 432 1266 accusatorem
468 1218 636 1286 expectare
673 1229 754 1288 open
792 1231 857 1272 non
894 1211 955 1286 sit,
996 1211 1178 1292 perditioni,

150 1307 268 1380 exitio,
289 1317 324 1368 et
344 1305 507 1369 abolitioni
526 1307 611 1370 illum
631 1310 779 1371 miserum
799 1310 960 1393 dialogum
980 1311 1177 1392 adjudicasti,

147 1406 265 1480 rtatim,
287 1408 375 1468 nulla
394 1408 609 1469 intercedente
628 1430 732 1484 mora,
761 1413 848 1472 nullo
868 1411 954 1491 prins
974 1413 1079 1475 habito
1099 1435 1176 1476 con·

149 1507 234 1581 silio,
271 1508 361 1569 nullo
393 1519 570 1570 convocato
595 1521 723 1583 senatu,
749 1512 840 1572 nullis
864 1514 1014 1576 consultis
1041 1513 1176 1595 tegitur.

149 1609 337 1688 Quanquam
350 1608 379 1682 ¹³³)
393 1608 458 1668 lucc
471 1607 497 1669 si
509 1608 660 1671 movisses
672 1611 777 1689 prins,
795 1613 878 1674 etde
889 1613 961 1689 jure
974 1614 1176 1694 disputasses,

150 1728 206 1767 nou
223 1727 302 1769 meo
318 1707 551 1787 constringo,
570 1711 627 1771 sed
642 1710 684 1771 illi
695 1709 757 1789 jam
770 1710 902 1773 Caesaris
914 1712 1035 1789 judicio
1050 1714 1177 1793 pericu·

148 1808 206 1869 lum
216 1807 347 1869 luisset.
369 1807 463 1870 Prius
479 1810 538 1870 hoc
552 1811 636 1872 enirn
649 1832 739 1873 reum
756 1813 826 1874 lieri
838 1812 1042 1892 oportuisset.
1067 1813 1176 1896 Atque

148 1907 240 1989 igitur
255 1907 290 1968 in
306 1927 357 1968 me
375 1906 518 1989 iniquior
533 1909 637 1985 luisti,
660 1933 753 1993 quam
771 1913 832 1974 ulla
848 1912 981 1993 patiatur
1001 1912 1100 1987 ratio,
1120 1933 1177 1975 ne·

147 2009 218 2070 dmn
233 2019 347 2069 nostra
357 2008 565 2083 larniliaritas,
587 2023 693 2073 nostra
706 2012 855 2086 amicitia,
871 2023 903 2074 et
916 2034 988 2075 cnm
1001 2012 1117 2088 tueris,
1129 2011 1176 2076 sie

146 2118 245 2170 tamen
267 2107 332 2182 ais,
362 2129 427 2169 non
454 2110 599 2189 putabam
625 2124 734 2173 contra
759 2124 790 2174 te
809 2114 936 2174 lactum.
974 2114 1026 2177 An
1045 2133 1104 2194 pro
1123 2133 1175 2176 me

146 2209 261 2270 laetum
272 2207 429 2289 putabas?
439 2210 602 2285 Arbitror,
616 2222 650 2271 nt
661 2212 858 2294 qui⁸caveres
868 2259 876 2288 ,
887 2214 1007 2297 nequid
1018 2213 1092 2275 inde
1100 2212 1175 2276 mihi

145 2307 277 2390 periculi
297 2319 393 2369 esset.
433 2309 540 2369 Video
560 2311 644 2371 enim
663 2333 764 2392 prope
784 2335 874 2389 esse,
894 2335 936 2375 ex
955 2311 1175 2375 malevolentia

148 2409 374 2493 benignitatem
403 2420 438 2469 ut
462 2409 580 2484 facias,
618 2423 648 2472 et
680 2413 869 2476 beneficium
896 2424 931 2474 ut
956 2410 1174 2494 interpreteris

150 2508 305 2590 injnm‘am.
346 2511 399 2571 Set
421 2511 470 2583 Μ’)
484 2510 613 2592 qnilroc
624 2513 791 2589 studebas,
810 2535 867 2575 cur·
881 2534 946 2574 uon
960 2533 1044 2575 anno
1060 2511 1174 2574 abhinc

147 2623 279 2692 prarto,
302 2632 375 2672 curu
395 2632 444 2673 me
462 2611 620 2674 orationes
636 2613 776 2675 scribere
793 2614 825 2675 in
838 2614 1022 2692 'l'ymnnum
1035 2611 1173 2688 amlires,

145 2724 170 2772 et
182 2711 210 2775 si
226 2732 343 2773 verum
356 2710 465 2772 dicunt
479 2713 638 2788 homines,
660 2714 718 2793 ipsi
734 2715 886 2792 proderes
902 2715 1014 2787 etiam,
1038 2714 1174 2781 amicum

145 2833 180 2873 ne
201 2812 236 2874 in
262 2831 301 2872 re
328 2811 505 2892 periculosa
528 2813 658 2875 nimium
693 2815 858 2889 auderem,
892 2813 1067 2876 uronuisti'?
1104 2812 1173 2883 Cur

143 2924 263 2974 tautum
289 2911 444 2993 progredi
470 2933 652 2991 patrenses,
689 2935 784 2996 quem
810 2925 881 2974 ante
902 2912 1035 2995 periculi
1055 2923 1174 2973 metum

142 3013 282 3075 retinere
326 3012 491 3090 potuisti?
551 3015 626 3091 Quo
662 3014 737 3075 milti
773 3013 910 3102 inculeas
944 3008 1172 3073 benevolentia

143 3112 365 3194 opinionem?
416 3113 540 3174 Siccine
570 3114 737 3175 cerebrum
770 3134 837 3175 non
863 3113 992 3186 habeo,
1040 3109 1096 3194 qui
1135 3130 1174 3173 ea

143 3214 262 3289 didici,
303 3212 420 3295 quibus
452 3213 674 3294 prudentiores
704 3213 775 3276 fieri
810 3237 844 3276 se
874 3213 1017 3277 homines
1050 3220 1172 3292 putant,

143 3326 174 3375 ut
196 3318 281 3378 lianc
310 3312 508 3375 calliditatem
537 3325 621 3375 tuam
649 3335 715 3375 non
741 3314 937 3396 agnoscam?
975 3313 1009 3375 Si
1034 3333 1086 3376 me
1113 3331 1172 3391 per

142 3415 270 3496 capillos
303 3415 461 3487 traheres,
497 3424 551 3474 aut
581 3436 706 3496 pugnos
732 3413 759 3476 si
786 3415 862 3477 mihi
887 3413 1066 3494 infligeres,
1100 3410 1172 3475 illos

141 3516 273 3578 relibres
300 3525 398 3585 tuos,
431 3534 467 3576 ac
492 3535 670 3596 praegraves
695 3526 727 3576 et
754 3536 898 3590 crassos,
926 3515 1071 3577 dolorem
1096 3510 1172 3574 mihi

141 3616 304 3676 dubitares
325 3613 451 3674 luctui?
490 3613 576 3696 Quid
597 3614 680 3676 enim
700 3612 848 3688 interest,
871 3635 922 3678 me
941 3616 1108 3686 verberes,
1130 3633 1171 3674 au

140 3717 238 3776 libi-os
259 3735 350 3776 meos
372 3713 584 3794 cormmpas?
623 3713 710 3797 Quin
730 3734 771 3774 cx
793 3712 959 3794 evangelio
981 3713 1088 3776 erudis
1108 3728 1170 3787 me,

142 3828 255 3876 etima
275 3815 477 3888 diverberata
495 3817 574 3878 mala
590 3814 695 3894 poscis
716 3817 852 3877 alteram.
892 3814 955 3876 Sed
975 3827 1036 3876 tam
1056 3814 1172 3874 durum

144 3915 326 3989 inagistrum
354 3916 519 3980 auditurus
544 3937 611 3977 non
636 3915 766 3990 videor,
790 3927 822 3976 et
842 3914 1005 3987 dolorem,
1038 3925 1074 3978 ut
1095 3923 1172 3976 tem·

144 4034 258 4094 pclare
287 4037 438 4097 possum,
473 4015 514 4078 ita
544 4014 691 4094 injuriam
717 4015 880 4096 negligere
910 4016 995 4077 haud
1029 4033 1170 4095 possum.

144 4118 240 4178 belet
257 4117 333 4179 mibi
352 4117 456 4194 enim,
476 4118 566 4201 quod
584 4117 672 4181 sacis.
709 4117 823 4192 Dolet,
842 4115 991 4199 iuquam,
1014 4127 1109 4198 atque
1128 4131 1170 4177 eo

151 4238 341 4255 ¹-

181 4323 208 4389 ·)
228 4335 392 4393 praequam:
413 4328 465 4378 set.
500 4321 547 4391 rr)
565 4334 629 4378 ser:
648 4333 687 4376 aa
