2632 5086
144 734 216 807 iio
398 725 505 802 Tries
527 724 697 800 Romane
721 726 909 825 Dialogus.

557 919 757 981 Ernboid.

219 1025 263 1088 Ar
283 1044 353 1105 quae
373 1017 556 1094 meminisli2
575 1039 642 1081 non
662 1019 767 1081 onmia
788 1018 853 1084 die.

565 1119 744 1182 Hutten.

217 1223 263 1285 Ar
281 1219 348 1284 dies
369 1241 435 1283 non
454 1218 530 1282 saris
548 1228 606 1280 est.

554 1319 752 1382 Ernboid.

218 1419 292 1487 Ain'
310 1420 412 1481 vero?

566 1518 732 1583 Hutten.

220 1623 405 1686 Sermonem
424 1621 531 1684 audies
550 1618 710 1700 prolixum
729 1619 833 1682 vaide.

554 1720 756 1783 Ernhohl.

217 1823 291 1904 lpse
310 1823 440 1906 quidem
459 1821 502 1885 ob
521 1822 552 1882 id
573 1818 718 1882 libentius
738 1820 840 1881 adhue
858 1817 951 1881 etiam
970 1817 1117 1880 audiero.

511 1932 516 1939 '
562 1922 690 1983 Hutte
705 1943 737 1981 n.

216 2023 340 2084 Idcirco
352 2032 389 2083 nt
405 2021 530 2098 videas,
559 2041 652 2104 quem
673 2042 738 2082 non
758 2028 885 2102 gravate
904 2018 962 2079 tibi
983 2018 1163 2091 inserviam,

141 2121 225 2184 diem
240 2123 324 2183 hunc
338 2133 454 2196 totum,
477 2121 577 2185 fretus
597 2121 737 2182 bonitate
755 2117 922 2199 principis,
944 2119 1115 2196 insumam,
1135 2140 1168 2182 et

141 2222 201 2285 sub
220 2220 318 2304 ipsam
337 2222 418 2284 adeo
437 2237 562 2285 noctem
583 2241 672 2298 agam
692 2238 795 2282 tecum
814 2223 892 2282 hene
910 2219 1056 2283 fabulam.

544 2320 753 2384 Ernboid.

214 2422 268 2488 Ad
283 2422 446 2507 ingenium
464 2423 566 2499 redis,
599 2418 663 2506 jam
682 2420 807 2484 tandem
825 2430 967 2482 veterem
987 2420 1167 2483 Hmtenum

140 2542 293 2607 agnosco.

565 2623 599 2684 H
605 2633 732 2685 utten.

213 2720 353 2783 Primum
378 2743 448 2806 quse
472 2720 506 2785 in
533 2724 714 2795 Romanos,
746 2732 783 2782 nt
812 2723 873 2783 boe
898 2728 1060 2797 temporem·
1091 2740 1169 2783 nem

138 2821 354 2884 Romanenses
373 2821 440 2901 ipse
457 2823 608 2898 vocabat,
636 2840 668 2886 et
688 2801 901 2893 Roman'istam
934 2819 998 2880 diei
1017 2831 1166 2898 possunt,

136 2920 170 2985 in
201 2919 361 2984 terniones
386 2921 571 3000 redigebat,
608 2922 643 2985 id
668 2942 764 3002 egeris
789 2918 952 2992 videlieet,
987 2930 1022 2981 ut
1045 2918 1166 3005 omnia,

137 3042 207 3103 quae
226 3020 362 3098 pessime
379 3023 460 3085 fiunt
480 3023 606 3098 Romae,
626 3033 659 3083 et
679 3043 748 3107 quan
762 3017 1024 3102 perversissime,
1044 3018 1079 3080 in
1100 3034 1166 3081 ter-

135 3122 258 3186 narium
277 3123 449 3205 colligeret.

543 3221 739 3287 Ernhold.

209 3320 332 3383 Audire
351 3318 466 3400 gestie.

556 3415 727 3486 Hutten.

211 3517 275 3581 Sed
295 3540 392 3582 unum
412 3516 536 3604 prefati
562 3531 705 3603 oportet:
739 3541 837 3583 voees
864 3521 1001 3601 barbarae
1034 3520 1163 3597 insunt,

133 3638 175 3681 ne
194 3627 225 3678 te
244 3634 402 3681 moveant.

531 3720 623 3782 ΕΗ]
638 3721 757 3783 hold.

207 3817 259 3878 Ah
278 3821 444 3881 moveant!
467 3821 556 3901 qussi
575 3820 617 3882 ite
639 3819 776 3883 delicatae
801 3821 876 3884 mibi
896 3824 1084 3896 anres'sint,
1108 3834 1163 3885 nur

132 3917 278 3996 ignorem
299 3920 362 3981 suis
382 3920 427 3980 uti
447 3920 610 3983 barbaram
634 3919 752 3982 curium
771 3923 943 3984 vocabulis.
981 3924 1041 3985 Die
1062 3923 1162 4004 igilur

133 4013 174 4077 de
200 4016 384 4094 curlisenis,
414 4018 632 4101 decepistis,
662 4023 703 4084 ile
726 4022 961 4098 scobatoribus‚
991 4025 1032 4085 dn
1060 4024 1161 4092 bene·

132 4114 210 4179 iieiis
231 4117 365 4193 curatis,
385 4131 417 4182 et
436 4140 500 4181 nnn
519 4120 651 4194 curatis,
679 4122 720 4181 de
741 4122 954 4198 bonitatibus,
977 4125 1016 4186 de
1037 4122 1161 4205 gratiis,

131 4215 172 4278 de
190 4219 476 4287 reservationibus.
496 4221 536 4283 de
551 4221 765 4301 regressibus,
793 4223 834 4283 de
854 4223 975 4285 annmis
996 4225 1105 4299 etiam,
1126 4236 1161 4285 et

129 4315 280 4393 efficiam,
301 4318 328 4380 si
347 4319 437 4392 libet,
456 4320 501 4381 de.
517 4319 732 4384 decisionibus
752 4332 846 4395 rotae,
867 4343 903 4382 ee
921 4321 992 4403 jure
1010 4334 1161 4403 patrona-
