2618 5094
133 782 205 855 llo
375 775 504 853 Febris
531 775 701 849 Secunda
723 771 912 870 Dialogus.

564 965 718 1031 Febris.

209 1073 276 1140 Ant
305 1074 393 1137 aliani
422 1071 529 1134 iacere
559 1085 793 1152 nonnunquam..
816 1061 984 1160 possisnam
1009 1057 1160 1122 innimrae

133 1178 204 1241 vite
223 1174 507 1239 commutationem.

326 1265 330 1273 ’
536 1273 575 1347 ΙΗ
589 1292 612 1332 ιι
623 1280 659 1331 tt
674 1287 691 1332 e
705 1292 737 1333 n.

210 1377 325 1460 Neque
344 1373 574 1460 magnifacere
594 1372 732 1454 quodvis
752 1376 914 1443 admittere
932 1383 1047 1445 scelus.

568 1489 594 1550 F
604 1486 724 1550 ebr'is.

210 1591 311 1659 Immo
330 1591 377 1654 ire
403 1591 435 1664 in
456 1608 549 1651 omne
569 1587 669 1649 statim
689 1590 827 1655 dedecus
852 1599 1028 1679 praeoipites
1055 1599 1162 1661 etiem.

544 1705 745 1768 Hutten.

129 1838 136 1851 ·
210 1818 314 1898 Quam
339 1835 404 1876 non
427 1811 635 1876 conveniebat
655 1816 923 1880 sacenloteshonc
937 1841 1033 1899 agere
1047 1821 1162 1897 vitam,

136 1917 254 2002 quibus
273 1918 297 1979 si
318 1919 358 1978 ito
378 1935 458 1978 ourae
478 1915 596 1977 debent
615 1934 683 1976 esse
703 1936 804 1990 saera,
830 1929 865 1979 ut
885 1920 1016 1998 prolana
1035 1933 1164 2002 poster·

136 2020 239 2100 ganda
260 2017 364 2079 omnia
383 2015 461 2090 sint,
491 2026 643 2097 qnantum
672 2026 719 2076 est
739 2015 827 2079 nefas
854 2019 894 2079 ira
915 2020 1008 2101 rnrgis
1031 2042 1162 2102 operam

138 2120 232 2192 (lore,
251 2128 299 2203 ¹ut
328 2118 368 2178 de
389 2114 484 2177 sacris
511 2135 576 2176 non
604 2113 760 2195 cogitent,
791 2139 979 2200 ‹piamquem
1010 2119 1164 2201 cogitant.

137 2217 244 2278 Video
264 2217 348 2277 enim
367 2235 442 2289 eos,
458 2221 498 2275 ¹ut
518 2215 697 2277 sacerdotes
715 2219 792 2290 sint,
814 2219 948 2290 Romam
967 2217 1032 2294 ire,
1053 2219 1165 2304 ibique

138 2317 258 2381 servire
279 2315 462 2377 servitutem
481 2334 563 2395 sepe
583 2313 816 2394 despicabilem.

559 2428 717 2493 Febris.

214 2542 288 2604 Non
313 2559 373 2622 pro
402 2537 496 2600 saeris
524 2538 643 2600 iaciunt
667 2540 731 2600 baee
758 2552 794 2601 ut
820 2543 967 2605 meliores
994 2543 1072 2619 sint,
1108 2545 1166 2606 sed

137 2612 270 2723 propiet
287 2638 480 2712 sacerdotio,
501 2647 536 2698 nt
553 2639 788 2718 locupletiores.

569 2754 731 2833 Hutten.

212 2861 315 2944 Igitur
341 2859 456 2925 divites
476 2862 623 2935 otnant,
655 2861 798 2937 student,
828 2871 864 2924 ut
882 2863 963 2932 sacri
986 2861 1064 2937 sint,
1098 2884 1167 2927 non

138 2961 270 3026 curant?

566 3061 725 3123 Febris.

213 3174 255 3238 Ut
274 3196 310 3238 re
334 3172 460 3256 quidem
481 3169 559 3245 sint,
588 3190 653 3230 non
674 3150 801 3243 cirrant,
822 3189 939 3230 nornen
958 3190 1038 3231 vero
1060 3168 1168 3247 istud,

21 3272 39 3289 “’
58 3278 83 3323 i
101 3270 112 3287 '¹
138 3279 212 3363 quio
237 3287 323 3365 tento
343 3295 414 3335 enm
440 3275 531 3334 lucro
551 3279 616 3343 est,
645 3264 809 3350 inquirunt
829 3268 1013 3344 ambitiose,
1040 3289 1081 3330 an
1100 3293 1169 3332 non

138 3375 248 3453 vides,
267 3384 347 3458 quot
366 3372 470 3453 magni
489 3368 666 3431 nebulones
687 3370 746 3433 hoc
765 3369 824 3430 sibi
845 3371 950 3433 velum
970 3369 1131 3433 induant?

545 3469 578 3530 H
597 3490 620 3529 u
634 3479 670 3529 tt
688 3490 706 3531 e
724 3490 754 3530 n.

216 3574 286 3637 Jam
305 3571 430 3634 tandem
447 3569 555 3631 video.

568 3664 721 3734 Febris.

216 3773 296 3838 Meo
315 3770 485 3835 beneficio.
608 3755 612 3762 ¹
777 3829 780 3834 .

530 3880 545 3888 '‘
567 3869 729 3931 Hutten.

216 3973 344 4035 Fateor.

571 4067 724 4130 Febris.

216 4170 324 4252 Atque
342 4167 440 4250 igitur
458 4167 659 4230 intromittis?

567 4269 734 4331 Hutten.

216 4368 368 4433 Nondum
386 4366 525 4430 decrevi.
