2632 5086
155 754 197 825 tm
427 743 481 816 Ad
505 742 608 815 Bilib.
633 740 880 811 l’ircltlreimer

155 939 208 997 trac
235 956 269 996 re
289 936 434 1018 qnamitos
454 935 581 998 haberet
596 935 623 1009 '³²‘)
646 954 681 994 ae
701 932 815 1004 nullas,
848 926 1054 1006 plurimorum
1077 927 1163 989 inter

155 1052 186 1094 se
207 1039 346 1110 collatas,
374 1038 549 1116 discrepare
577 1032 792 1094 consessiones
820 1030 972 1091 inveniret
984 1020 1162 1107 ‘'illd''(luo

152 1136 269 1196 accedit
288 1135 380 1211 illud,
401 1137 489 1217 quod
508 1157 605 1217 quum
626 1135 691 1213 ipse
713 1130 828 1195 'l'anais
845 1130 950 1193 fontes
969 1128 1163 1201 circuiverit,

153 1255 187 1295 ac
211 1235 250 1295 ad
277 1237 409 1297 Vollram
437 1233 537 1314 ipsum
562 1233 746 1307 accesserit,
781 1230 882 1293 nullos
908 1243 1009 1291 tamen
1035 1240 1163 1291 montes

153 1332 248 1408 vidit,
287 1353 345 1394 nec
380 1335 412 1394 in
443 1333 622 1395 milliaribus
654 1335 742 1410 justa
774 1331 913 1393 (lucentis
950 1325 1164 1403 Germanicis,

151 1430 268 1493 circum
305 1433 502 1495 circumlecta
539 1432 761 1513 inquisitione,
807 1434 886 1493 ullos
921 1449 989 1492 esse
1028 1427 1163 1489 audivit.

152 1534 256 1610 Quum
275 1533 335 1593 hoe
354 1533 501 1608 Mosoos,
531 1533 556 1593 si
576 1533 694 1612 uspiam
716 1529 809 1612 aliqui
829 1541 949 1603 essent,
979 1531 1073 1589 latere
1094 1548 1165 1589 non

152 1642 274 1710 posset,
305 1632 420 1713 utqui
445 1631 589 1695 latissime
615 1632 816 1714 tliragantur,
853 1649 888 1688 ac
907 1627 996 1691 brevi
1016 1639 1162 1705 tempore

151 1730 283 1793 maxima
295 1730 396 1793 statim
413 1731 523 1793 itinera
540 1732 720 1810 perficiunt,
743 1742 771 1789 ct
789 1730 830 1789 ita
843 1730 977 1806 amplum
992 1727 1031 1787 sit
1042 1727 1161 1789 Mosco

152 1830 339 1909 lmporium‚
384 1842 418 1889 nt
450 1830 611 1892 maximam
643 1831 722 1890 intra
758 1830 817 1889 hue
849 1827 972 1887 illormn
1005 1824 1162 1887 montium

153 1939 268 2006 partem
288 1929 431 1989 concludi
452 1929 637 2008 oportuerit.
677 1929 771 1989 Certe
790 1925 994 2006 jurejurando
1014 1925 1159 1999 aflirmat,

151 2027 187 2093 in,
209 2029 294 2108 regia
319 2028 439 2101 Mosei,
482 2027 536 2087 ubi
563 2030 655 2087 multa
680 2038 837 2106 corriperta
862 2026 892 2086 in
919 2025 1168 2086 connnentarios·

152 2126 293 2205 digessit,
321 2126 395 2186 nihil
414 2125 500 2200 sciri,
527 2127 583 2187 sed
604 2148 710 2187 onmes
731 2127 850 2199 dicere,
879 2126 990 2186 frivola
1012 2147 1100 2200 esse,
1127 2136 1159 2186 et

151 2228 302 2300 conficta,
336 2247 403 2307 qim
430 2225 475 2286 his
503 2226 542 2285 tle
568 2228 724 2285 montibus
753 2237 783 2287 et
807 2224 974 2305 opinentur
1004 2225 1157 2300 homines,

151 2336 181 2383 et
200 2324 396 2404 prodiderint
415 2336 548 2385 veteres
596 2328 711 2386 (lintres
733 2326 814 2386 enim
836 2327 900 2385 illas
920 2326 1067 2403 regiones
1089 2345 1157 2387 esse

151 2427 274 2503 planas,
302 2447 405 2506 neque
424 2446 555 2506 usquam
575 2437 695 2486 rnontes
717 2446 901 2497 occurrere,
928 2436 1156 2504 ‹partiatuntcnm

152 2546 213 2604 qne
240 2526 298 2584 late
324 2524 354 2583 in
376 2523 624 2600 Septentrionem
646 2525 714 2605 quis
735 2524 944 2604 exspatietur:
973 2524 1047 2597 nisi,
1075 2548 1156 2607 (ptos

150 2622 216 2698 ipse
237 2642 366 2703 quoque
386 2623 478 2696 sidit,
499 2624 628 2682 humiles
649 2626 800 2705 quosdam
819 2623 995 2695 colliculus,
1017 2625 1049 2684 in
1068 2646 1157 2686 mon·

150 2720 226 2779 tium
251 2740 382 2780 numero
408 2743 526 2799 ponere
554 2723 623 2804 qnis
649 2723 732 2783 velit.
771 2724 865 2802 Quod
892 2744 941 2781 me
966 2722 1155 2797 arridentem,

148 2816 310 2884 attonitum
330 2840 429 2900 prope
449 2821 603 2881 reddidit:
635 2844 700 2883 rem
726 2823 805 2881 adeo
831 2820 989 2881 ltominmn
1014 2822 1157 2900 opinioni

148 2917 292 2992 infixam,
321 2919 399 2979 adeo
427 2921 727 2999 pnuelarissimornm
751 2920 892 2980 virorum
922 2920 1016 2982 literis
1043 2922 1157 2984 ‹lecan-

148 3028 255 3092 tatam‚
296 3016 328 3078 in
354 3018 472 3080 fabulas
498 3021 601 3094 abire,
633 3021 664 3081 in
686 3041 800 3099 nugas,
832 3029 863 3078 et
890 3021 1002 3080 nullam
1029 3021 1154 3100 penitus

147 3137 232 3192 esse,
258 3127 310 3177 ant
329 3116 355 3177 si
375 3117 471 3178 luerit
491 3119 628 3180 desiisse.
669 3121 738 3191 Tu,
766 3119 816 3179 cui
840 3130 951 3193 vocat,
981 3130 1091 3197 utpote
1116 3122 1156 3183 ab

146 3216 214 3274 aula
233 3214 353 3288 libero,
388 3237 404 3275 a
424 3219 558 3299 negotiis
578 3220 680 3279 soluto
701 3239 830 3280 acervos
854 3218 1004 3280 librorum
1028 3219 1155 3296 invade,

146 3325 178 3374 et
203 3325 340 3386 excute,
382 3335 416 3373 ac
443 3315 511 3375 illos
542 3317 630 3378 nobis
657 3319 805 3397 llyplreos
831 3319 897 3378 illos
926 3319 1155 3398 Hyperboreos

132 3424 266 3479 ‚montes
286 3412 407 3490 explica
425 3415 456 3445 ³²⁵¹*
470 3415 504 3486 n²).
544 3417 684 3476 Accessit
705 3438 753 3477 me
772 3417 854 3490 heri,
874 3416 992 3477 Basilea
1010 3416 1153 3494 veniens,

147 3532 211 3571 non
240 3512 325 3571 visus
356 3523 426 3571 ante
453 3511 851 3589 OttCtttnttttt‘ntttOE,
876 3504 1016 3575 dentatus
1046 3517 1153 3577 Theo·

146 3612 252 3689 logum
270 3608 360 3688 cujus
376 3610 537 3685 dentibus,
554 3613 645 3672 trinm
660 3613 832 3693 linguarum
847 3614 1013 3695 scripturas
1029 3615 1152 3679 aridius

145 3708 390 3783 ruminantibus,
420 3710 557 3770 edentuli
585 3711 626 3771 illi
654 3711 803 3773 inrident.
852 3712 958 3789 Dixit,
987 3716 1153 3779 Erasmnm

145 3808 184 3869 ad
198 3809 402 3871 Brabantinos
422 3832 497 3871 snos
516 3811 664 3886 rediisse,
684 3833 785 3873 meum
799 3813 961 3874 Neminem
976 3813 1008 3873 in
1029 3815 1154 3879 officina

145 3908 343 3969 Frobeniana
361 3906 466 3969 cleriuo
486 3931 636 3971 excusum
654 3911 743 3990 typis.
783 3913 812 3974 0
828 3933 976 3990 perverse
994 3913 1153 3975 ollieiosos

144 4007 365 4086 calcogruplms
388 4005 481 4081 istos,
513 4011 709 4071 temerarium
736 4031 835 4092 genus
861 4012 1041 4072 hominum!
1080 4013 1153 4075 Jam

145 4102 261 4165 Gallias
283 4105 552 4183 pervagabuntur,
584 4119 615 4166 et
636 4111 786 4170 ulcerosis
810 4109 868 4171 illis
895 4111 1085 4192 llmolngis,
1114 4134 1152 4175 ac

141 4216 331 4236 ——u

176 4304 207 4369 ⁴)
221 4313 336 4358 toleret:
352 4314 466 4364 lrabncrlt.
490 4309 536 4376 ⁴¹¹)
551 4322 689 4367 linuntur:
702 4321 826 4368 [avertent.
850 4312 910 4380 w)
923 4326 1035 4376 explica:
1050 4322 1150 4381 inquire.

968 4494 1040 4601 ‘'R-
