2632 5086
419 717 482 790 aid
507 717 658 790 Petnnn
684 719 731 790 dc
757 717 896 792 Anssns.
1111 722 1178 796 tts

157 922 185 971 te
202 920 305 997 queat.
344 909 412 972 Per
433 929 529 992 quem
551 922 633 973 stare
656 912 805 986 volebas,
835 919 1010 988 prostratus
1032 921 1089 971 est.
1127 909 1179 973 Ad

152 1008 235 1090 cujus
251 1010 449 1076 munitiones
464 1011 675 1092 respiciebas,
695 1013 792 1074 domo
813 1034 888 1088 sna,
915 1033 951 1075 ae
967 1010 1179 1092 possessioni·

150 1111 227 1186 bns,
253 1134 324 1174 uno
358 1113 478 1194 impetn
503 1113 649 1176 omnibns
676 1116 827 1194 expulsus
863 1122 921 1175 est.
976 1112 1012 1172 ln
1045 1133 1111 1194 quo
1142 1123 1185 1175 tn.

146 1213 315 1292 sperabas,
350 1215 392 1274 de
419 1215 489 1293 ipso
520 1225 623 1276 actum
651 1225 710 1277 est.
762 1215 835 1294 Quo
863 1212 926 1292 jam
958 1213 1030 1274 fidis
1056 1210 1179 1295 igitur?

147 1313 228 1391 Quid
249 1311 385 1393 speras?
414 1316 480 1376 Aut
496 1313 628 1375 dubium
646 1322 727 1376 esta
742 1314 948 1376 stiridamento
963 1325 1090 1376 erutum
1104 1314 1175 1390 boc,

145 1415 227 1474 unde
249 1425 336 1475 totus
350 1414 382 1490 *)
395 1414 556 1494 pendebas
575 1416 631 1477 tu?
656 1417 779 1479 Verum
791 1436 857 1476 non
873 1415 1005 1496 putabas
1021 1413 1176 1477 intimum.

145 1515 193 1577 Ad
222 1515 346 1576 facturn
375 1515 587 1578 nihilominus.
634 1518 684 1578 Te
712 1515 810 1599 igitur
837 1516 955 1577 frustra
987 1515 1176 1595 prudentem

146 1615 319 1697 aliquando
350 1615 512 1691 habitum,
555 1616 610 1698 qui
646 1620 708 1679 hoc
742 1638 808 1677 non
839 1614 1048 1694 praesensisti,
1083 1613 1175 1691 cnjus

145 1714 276 1777 comitia
293 1735 335 1776 eo
356 1715 553 1791 reciderunt,
583 1729 618 1778 ut
647 1737 719 1778 cnm
745 1713 964 1795 insipientibus
985 1714 1175 1775 consultori-

145 1812 218 1890 bus,
253 1836 322 1876 non
341 1820 501 1896 putdram,
530 1817 634 1893 dicas,
664 1817 753 1900 qnod
782 1814 902 1876 exitum
920 1816 1004 1876 branc
1027 1814 1175 1876 omnibus

147 1916 350 1996 perspicuum
367 1918 454 1978 solus
477 1917 609 1999 adsequi
624 1917 809 1994 conjectura
824 1936 888 1976 non
902 1913 1043 1994 potuisti.
1083 1915 1173 1991 Nam,

148 2016 201 2076 nisi
226 2015 459 2079 modestissime
486 2029 620 2083 tractare
643 2031 675 2083 te
694 2017 916 2090 instituissem,
943 2014 1006 2095 jam
1024 2014 1173 2078 insultare

152 2114 220 2189 tibi,
240 2129 327 2177 tuam
342 2116 492 2178 invidiam
504 2119 694 2199 exagitarent
708 2165 716 2194 ‚
737 2119 819 2179 itlius
837 2117 889 2178 cui
900 2117 945 2179 sie
957 2117 1084 2191 studes,
1106 2118 1171 2198 lap-

155 2236 214 2278 sum
235 2216 337 2298 digito
356 2215 513 2293 indicans,
534 2241 592 2279 nos
613 2220 645 2280 in
661 2221 739 2280 coelo
756 2240 827 2280 esse
847 2217 1016 2278 clamitans.
1056 2218 1171 2298 Neque

155 2325 183 2375 tn
201 2337 266 2377 uon
285 2317 476 2392 merebaris,
499 2330 535 2379 ut
555 2318 611 2401 q'ui
634 2319 752 2380 videris
778 2330 862 2379 totus
888 2337 956 2377 csse
979 2328 1089 2377 contra
1110 2337 1170 2377 nos

161 2429 236 2495 aptus
250 2437 286 2479 ae
306 2416 470 2479 formatus.
510 2419 589 2480 Nam
609 2418 665 2501 qui
680 2421 741 2481 hoc
763 2417 883 2492 fecisti,
904 2417 956 2477 itto
977 2437 1038 2495 Jam
1053 2426 1120 2476 tum
1137 2414 1171 2476 in

164 2515 284 2592 periodo
297 2515 488 2593 constituto,
498 2517 574 2599 quid
585 2519 726 2581 facturus
740 2541 825 2594 eras,
838 2519 1038 2580 occasionem
1049 2527 1169 2603 ataenis,

163 2625 237 2694 nire,
269 2639 344 2679 cum
364 2618 495 2679 secundi
519 2618 600 2680 ittins
626 2631 731 2680 esseut
761 2619 875 2683 veriti?
914 2620 977 2682 Sed
995 2618 1171 2699 relinquam

162 2718 299 2794 patentia
319 2719 405 2798 apud
433 2730 462 2780 te
489 2740 565 2780 mere
594 2720 780 2802 vestigium,
811 2731 843 2780 et
870 2741 971 2800 panca
996 2741 1037 2779 ex
1057 2718 1170 2779 dolore

161 2823 251 2898 queri,
270 2822 347 2884 satis
360 2820 502 2896 habebo,
521 2842 593 2880 cum
608 2832 642 2881 tn
664 2823 775 2895 muita,
796 2833 826 2882 et
839 2840 1008 2901 permagna
1024 2817 1170 2879 facienda

160 2937 187 2980 cr
210 2920 328 2984 invidia
366 2920 506 2983 duxeris.
558 2920 735 3003 Perniagzna
765 2932 838 2983 sunt
872 2917 975 2994 enim,
1006 2929 1170 2998 uteturque

158 3021 272 3084 estimet
301 3022 394 3104 quis,
432 3041 468 3082 ea
491 3043 559 3103 quac
585 3022 693 3082 andes.
737 3020 897 3092 Primum,
929 3018 1017 3100 qatod
1045 3035 1170 3078 caussam

154 3136 206 3181 non
223 3120 347 3204 aliquot
364 3131 436 3182 ante
461 3120 651 3200 prejudiciis
668 3131 828 3195 notatam,
856 3119 913 3183 sed
929 3117 1057 3199 publico
1076 3116 1171 3178 etiarn

152 3213 259 3295 jndicio
281 3221 522 3282 condemnatam
541 3243 576 3282 ae
595 3221 808 3296 interfectam,
835 3240 968 3282 revocas
989 3229 1021 3283 et
1041 3216 1168 3297 probas.

150 3316 265 3385 deinde
283 3322 374 3405 quod
393 3334 454 3384 tarn
468 3322 566 3382 atroci
581 3321 655 3383 inita
666 3333 775 3383 eontra
789 3340 848 3381 nos
863 3319 995 3400 injuria,
1010 3330 1169 3380 tantorum

148 3421 283 3489 tiresum
322 3421 535 3484 intensionem
565 3442 601 3482 ac
637 3421 831 3485 inimicitiam
862 3419 920 3484 tibi
954 3417 1100 3480 accersis.
1121 3416 1168 3492 ’*)

142 3516 309 3585 Postremo
332 3523 421 3605 quod
441 3521 563 3598 potenti
583 3523 736 3602 episcopo
756 3533 849 3583 autor
875 3541 945 3584 esse
964 3519 1033 3594 vis,
1053 3517 1167 3581 factio-

142 3640 209 3688 nem
228 3630 265 3686 nt
287 3623 453 3686 resuscitet
478 3620 540 3700 jam
563 3634 635 3686 ente
662 3642 844 3702 oppressam
866 3633 897 3682 et
915 3617 1107 3691 extinctam,
1134 3629 1167 3678 et

141 3735 172 3784 nt
195 3724 230 3786 in
247 3721 417 3785 discrimen
438 3744 576 3804 praeceps
596 3722 696 3787 abeat.
744 3724 821 3783 Nam
841 3721 964 3783 modica
983 3732 1056 3781 sunt
1076 3719 1165 3800 qnod

142 3820 299 3887 Huttenos
317 3826 506 3887 contumelia
525 3825 581 3884 hac
599 3821 792 3902 proseindis,
813 3821 900 3904 qnod
919 3818 1067 3899 injuriant
1086 3820 1164 3879 trane

138 3918 218 3999 §acis
231 3922 275 3985 nn
289 3935 434 3999 mortno,
457 3924 512 4007 qui
533 3923 572 3984 de
594 3934 623 3982 te
644 3921 688 3984 sic
702 3920 921 3995 t'uit'rneritus,
942 3933 974 3983 et
987 3919 1039 3981 cni
1050 3929 1085 3982 tu
1097 3920 1164 3996 ***)

143 4032 177 4081 ut
198 4022 292 4087 fidem
310 4023 463 4102 solveris,
492 4035 603 4092 notum
625 4033 683 4085 cst.
697 4024 780 4099 m)
820 4021 918 4103 Quod
937 4021 1022 4091 hunc
1046 4020 1164 4092 mortni

142 4165 334 4194 *nn—0¹⁴-

118 4281 124 4312 ι
171 4253 200 4319 ⁴)
217 4269 308 4311 totns:
326 4266 371 4313 tet
417 4256 461 4324 ”)
478 4268 606 4314 accusts:
625 4275 739 4313 accuses
789 4256 1102 4323 ⁸⁴⁴)zwtset1enaat-
1117 4271 1161 4314 nt:

173 4353 199 4392 n
215 4348 351 4405 amarus
385 4341 465 4410 tm)
483 4355 523 4412 ρ.-
545 4364 565 4407 a.
