2632 5086
135 746 216 825 tat
392 744 498 819 Trica
521 734 692 821 llomcnu¹
710 728 914 844 Dialogus·¹

135 958 209 1001 cere
229 958 334 1013 suam,
355 947 389 1000 et
408 935 565 1015 dedecus,
585 937 751 1002 illetatnen
765 937 920 1013 constitit,
941 935 1164 1019 nequeadhuc

135 1038 251 1105 desinit
269 1038 396 1102 uenales
412 1036 505 1100 nobit
524 1039 616 1101 celos
633 1058 832 1119 proponere,
853 1048 885 1100 et
897 1048 1046 1118 expectat
1054 1035 1165 1120 quoti·

55 1150 78 1233 '·
135 1139 207 1217 die,
226 1138 299 1223 quis
318 1138 357 1199 ab
378 1157 413 1200 se
431 1136 552 1220 aliquid
570 1151 758 1224 emercetur.
802 1138 980 1219 Quinetiam
999 1147 1035 1198 ut
1049 1134 1166 1197 intelli·

135 1260 209 1324 gas,
240 1260 310 1321 quae
329 1237 519 1299 confidentia
539 1238 595 1313 sit,
626 1258 729 1319 nuper
757 1239 789 1301 in
809 1237 944 1300 concilio
964 1235 1164 1318 principum,

134 1359 229 1402 {ustas
248 1349 296 1401 est
314 1335 471 1399 criminari
493 1335 660 1414 Carolurn,
688 1351 723 1401 ut
741 1338 876 1420 irnperio
896 1339 1053 1418 ineptum,
1083 1357 1165 1396 ιιοιι-

135 1441 219 1500 nulla
247 1437 291 1499 illi
318 1435 463 1516 corporis
489 1435 621 1514 pariter,
663 1438 811 1500 acerrimi
837 1438 1041 1520 impineeudo
1070 1436 1165 1509 uitta

136 1548 169 1602 ct
188 1538 317 1599 strulerc
343 1536 393 1613 id,
423 1536 576 1601 Gallicum
601 1537 733 1601 nobis
724 1558 836 1621 pigram
863 1550 898 1600 ut
929 1538 1161 1643 imponeretur.

137 1636 304 1718 imperium
334 1638 530 1715 auferretur,
568 1636 670 1701 omrris
703 1638 735 1700 in
766 1637 835 1718 ejus
862 1622 967 1701 locuin
993 1630 1170 1719 indignitas

138 1737 334 1801 succederet.

550 1838 757 1900 Ernhold.

211 1936 242 2000 0
261 1938 419 2016 seculum!
452 1956 473 1997 o
491 1940 613 1999 mores!
647 1957 740 2018 quarn
759 1957 825 1997 ιιοιι
846 1936 1055 1997 conueniebat
1087 1940 1168 1999 lianc

137 2057 263 2100 summac
293 2036 362 2115 spci
388 2034 579 2096 adulescenti
605 2036 739 2117 principi
767 2035 914 2111 injuriam
945 2034 1030 2109 lieri,
1070 2058 1170 2119 qrtaru

138 2136 310 2218 indignum
330 2147 438 2197 nostra
454 2134 638 2196 claritudine
658 2136 733 2208 suit,
764 2136 851 2196 istam
876 2134 1032 2212 patienter
1052 2136 1168 2199 auditu¹

75 2286 79 2295 .
136 2238 333 2300 relationem.
370 2236 432 2299 Sed
451 2236 503 2298 dic
522 2256 595 2316 age:
616 2235 708 2313 jubes
726 2257 777 2299 nie
796 2235 928 2296 credere
947 2236 1009 2298 hoc
1021 2234 1169 2323 lactum?

563 2336 737 2399 Hutten.

211 2441 327 2506 tabeo.

442 2556 449 2571 ·
554 2538 753 2603 Ernhold.

213 2640 329 2723 Neque
348 2644 387 2702 lte
404 2640 500 2718 usipus
519 2640 535 2700 a‘
556 2641 664 2703 ldttcs't‘

562 2742 739 2803 Hutten.
763 2736 766 2742 ’

213 2836 370 2904 Pervasit.

543 2940 747 3002 Ernhold.

212 3040 254 3103 Et
272 3038 406 3121 periculi
426 3040 640 3123 magnitudine
661 3042 830 3105 nonenim
849 3046 1001 3111 territur?

555 3142 586 3201 H
599 3150 736 3202 utten.

213 3239 289 3300 Non
309 3239 454 3315 territus,
482 3240 653 3323 quinetiam
675 3245 772 3317 ultro,
802 3254 837 3304 ut
856 3244 981 3322 serunt,
1013 3246 1169 3328 legationi

137 3338 211 3402 huic
230 3362 300 3402 rese
320 3340 450 3416 obtulit,

241 3441 361 3496 Fidens
384 3443 503 3509 animi,
523 3450 616 3517 atque
632 3445 665 3498 in
683 3451 844 3517 utrumque
861 3454 1001 3515 paratus

239 3532 305 3587 Seu
323 3551 454 3588 uersare
470 3536 580 3603 dolos,
598 3552 652 3591 seu
669 3543 750 3591 certe
766 3536 945 3591 occumbere
961 3543 1071 3595 morti.

549 3629 689 3690 Ern-lro
700 3627 748 3689 ld.

215 3727 322 3807 Quam
341 3745 408 3788 rem
426 3738 461 3789 tu
481 3726 508 3789 si
527 3728 671 3791 macione
690 3729 826 3807 pariter,
853 3749 890 3791 ac
909 3729 1033 3810 scriptis
1052 3754 1170 3814 prose·

139 3825 273 3909 quasin.
284 3838 501 3891 commonitus
519 3826 596 3891 milri
613 3828 732 3893 viduis
751 3831 880 3893 multos.

568 3928 737 3993 Hutten.

213 4023 281 4085 Nisi
298 4024 362 4105 jam
380 4029 456 4088 rnoti
475 4039 564 4104 sunt,
597 4030 726 4111 quando
751 4030 922 4092 detractum
939 4029 1169 4106 hujuscemodi

38 4116 41 4121 ’
137 4124 300 4188 fraudibus
316 4147 409 4189 omne
428 4149 530 4210 prope
549 4131 653 4192 velum
667 4140 730 4205 est,
750 4142 782 4191 ct
797 4131 848 4191 isti
866 4129 1069 4192 autlacissiruc
1082 4128 1168 4209 jam,

137 4247 174 4289 ac
193 4229 258 4288 sine
277 4227 375 4288 modo
393 4231 527 4307 rapiunt,
547 4250 684 4312 qtrorum
699 4229 866 4312 aliquando
889 4232 995 4292 Roma
1009 4252 1081 4291 curn
1095 4252 1168 4293 ιιιο-

135 4325 274 4391 nuissem
294 4328 478 4411 quemdam,
503 4339 539 4389 ut
559 4329 731 4393 modestius
751 4340 873 4408 ageret,
902 4336 982 4407 (erat
1001 4340 1107 4393 autern
1121 4350 1170 4393 ecs
