2632 5086
166 1207 287 1283 Ubichus
330 1209 383 1284 de
413 1209 554 1282 Hutten
592 1209 756 1284 Chitiano
790 1209 926 1286 salensi
966 1213 1146 1288 Jurecon-

402 1355 496 1430 stulto
522 1341 666 1432 Franco
694 1356 861 1442 Salutem.

548 1595 713 1613 ἡ
729 1604 735 1615 0

160 1749 210 1844 Hui
227 1790 341 1870 quietem
362 1788 496 1861 dircem,
515 1797 635 1899 quanto
656 1783 763 1865 animo
781 1784 948 1885 prada„
965 1729 1145 1860 suevorum

158 1885 303 1969 principem.
342 1888 388 1950 lta
406 1887 506 1972 fugit,
527 1898 561 1948 ut
581 1885 613 1948 in
632 1885 691 1969 fug
671 1906 795 1948 αιιιιοιι
808 1885 1006 1995 respuerit,
1026 1900 1145 1952 tantum

155 1983 214 2047 tbest
237 2002 265 2048 ιιι
294 1989 453 2053 restiterit.
491 1989 599 2068 Atque
627 1989 688 2049 hoc
707 1987 748 2048 de
769 1985 840 2050 viro
867 1999 1002 2074 qttantor
1023 1989 1066 2052 ilii
1084 1992 1143 2057 bo·

153 2084 220 2145 ninus
241 2100 395 2163 terrore.
435 2108 518 2172 quos
545 2097 646 2150 metus
677 2087 870 2151 nuntiabant.
922 2089 1005 2153 Nihil
1037 2090 1143 2154 vidisti

150 2182 308 2251 inbecittius.
357 2190 399 2252 At
430 2189 643 2254 ‹leserueruut
668 2208 741 2250 eum
766 2187 911 2252 Svitzeri.
929 2191 959 2266 ⁰)
1004 2191 1047 2251 At
1076 2191 1144 2272 ipse

150 2283 293 2371 pricipium
316 2290 402 2350 ἰΙΙιιιιι
427 2287 632 2351 conduxisset
650 2289 697 2364 ⁰⁰)
725 2288 929 2370 peregrinum
949 2288 1142 2358 exercitum.

151 2403 226 2450 onnes
246 2388 488 2464 contemnebat,
517 2388 653 2450 invictus
680 2388 852 2450 serebatur.
898 2387 961 2450 Ubi
982 2409 1066 2449 trisne
1086 2387 1153 2449 tua

153 2481 217 2562 igitur
242 2488 360 2550 niinae'?
396 2488 445 2550 itu
472 2489 637 2571 magnifica
667 2487 851 2564 insultatio,
891 2485 941 2551 ille
970 2487 1143 2553 indomitus

149 2590 245 2651 timor?
279 2588 323 2651 iti
353 2589 518 2652 horribi'es
552 2579 678 2653 metus?
716 2589 766 2653 itta
791 2601 961 2653 contumax
999 2589 1143 2652 nitucirt

145 2683 211 2749 Bono
229 2691 332 2753 auimo
355 2711 425 2754 esse
444 2688 521 2771 jube
544 2711 671 2765 omncs,
699 2691 755 2774 qui
774 2691 849 2754 mibi
869 2691 1027 2754 timebant.
1072 2694 1142 2754 Jam

143 2791 218 2852 stetui
241 2813 347 2854 sumus
375 2792 475 2863 euim,
509 2791 561 2853 itio
587 2789 691 2872 ejecto
716 2803 748 2854 et
775 2803 899 2855 exacto.
950 2803 1142 2873 Capitiomm

141 2889 241 2953 uitiari
265 2912 384 2973 paucos
404 2902 474 2952 aute
495 2891 580 2966 dies,
613 2914 695 2975 pene
715 2893 897 2954 cortsectum
919 2893 1141 2955 sollicitudine.

140 2983 172 3046 tu
190 2992 309 3054 timebat
341 3013 379 3053 ca
410 3013 479 3072 qua
508 2991 582 3055 belli
612 3005 745 3073 possunt
778 2993 871 3056 etiam
905 2993 1143 3054 immerentibus

138 3091 250 3154 stertire.
307 3093 370 3154 Sed
401 3091 494 3154 nobis
524 3091 690 3156 consitium
719 3113 784 3154 ιιοιι
810 3093 973 3168 defuerat,
1010 3113 1076 3175 quo
1101 3090 1144 3153 itti

138 3191 374 3270 prospiceremus.
429 3193 503 3273 Quo
531 3192 565 3255 iu
591 3192 722 3275 nregotio
750 3203 957 3258 Franciscum
985 3191 1080 3256 habui
1102 3213 1143 3254 ex

139 3301 203 3352 toto.
240 3294 406 3354 Honorem
431 3292 538 3354 habuit
562 3303 594 3352 ct
620 3291 689 3372 ipso
709 3293 805 3355 docto
828 3293 920 3370 viro,
945 3294 1144 3376 accessitque

97 3427 102 3437 .
139 3386 253 3464 obviam,
274 3392 449 3456 humaniter
467 3397 698 3473 complectens,
719 3415 754 3456 ac
774 3395 856 3458 bene
872 3416 1000 3477 sperare
1017 3393 1142 3475 jubens.

140 3483 178 3549 Dii
199 3494 270 3560 boui
299 3517 380 3577 quos
415 3515 558 3556 carceres
591 3492 786 3571 invenimus,
820 3516 914 3578 quam
945 3496 1144 3574 captivorum

139 3582 231 3656 faciem.
280 3596 343 3656 Hic
373 3594 466 3655 decet
497 3597 639 3656 exultare
669 3605 755 3656 tanto
786 3594 892 3673 ejecto
923 3599 1022 3671 mato,
1058 3607 1144 3658 tanta
1203 3582 1217 3609 ⁴⁸

140 3682 235 3756 bdacta
259 3695 439 3759 securitate.
481 3696 650 3758 Orationes
678 3715 763 3757 meas
791 3694 950 3771 revideo,
972 3695 1028 3758 ubi
1048 3694 1142 3778 quin·

141 3792 193 3866 bu,
223 3818 289 3881 quae
317 3819 359 3859 ex
389 3797 524 3857 victoria
551 3793 822 3876 congratulabitur
849 3795 942 3857 nobis
967 3794 1141 3872 addidero,

95 3888 231 3969 entim
225 3919 254 3959 ιιι
282 3900 394 3961 lucem.
441 3899 510 3961 Jam
543 3906 617 3958 sunt
637 3895 721 3959 enim
741 3894 797 3977 qui
816 3893 954 3967 baberi
945 3916 977 3956 tn
996 3893 1141 3958 manibus

143 3998 267 4059 nortuum
293 4019 356 4060 eas.
398 3999 483 4078 Quid
515 3997 585 4059 istic
612 3994 692 4058 novi
718 3993 788 4056 est?
819 4005 853 4057 ut
882 3993 988 4058 otiaris
1015 3994 1074 4058 tu?
1107 4005 1143 4059 ut

144 4084 192 4151 itii?
215 4097 298 4161 itte
288 4098 434 4180 inprimis
462 4098 601 4180 piscator
628 4105 856 4175 Frideriahum
880 4115 933 4158 cut
923 4093 1143 4176 perferenda

155 4225 312 4259 Nun—-

169 4313 187 4384 ⁸>
198 4335 293 4385 atara·
311 4339 424 4387 uitreas
459 4331 508 4401 ”p
527 4338 826 4389 commentust
