2632 5086
141 734 212 806 332
332 729 375 805 In
404 727 447 805 T.
472 730 636 823 Livium,
673 728 772 813 libris
802 743 898 804 auct.
922 731 967 805 11.

141 937 194 985 aut
213 943 248 986 re
269 943 345 986 uera
362 933 448 986 recte
468 922 619 1000 studiosi,
640 925 680 988 ad
698 944 796 986 uuum
815 924 877 988 hoc
894 923 1055 1009 quoddam
1075 922 1164 985 velut

141 1024 260 1102 asylum
287 1025 526 1107 confugiamus,
557 1045 742 1108 quamquam
769 1035 804 1086 tu
829 1045 897 1088 uon
923 1022 1059 1089 sustines
1086 1043 1162 1084 con·

140 1123 299 1199 fugientes
325 1145 409 1200 nos,
449 1145 560 1186 verum
592 1135 774 1188 cunctantes
807 1124 846 1186 ad
882 1136 915 1185 te
949 1125 1033 1186 ultro
1067 1123 1161 1203 rapis.

139 1223 274 1289 Possem
291 1224 343 1288 hic
363 1225 508 1300 referre,
544 1245 627 1308 quos
652 1225 758 1301 viros,
792 1244 887 1309 quam
911 1234 946 1286 tu
970 1224 1162 1299 faruiliariter

138 1324 359 1402 arcessiveris,
382 1348 452 1409 quae
469 1325 553 1388 dona
572 1325 637 1388 aliis
656 1326 798 1401 dederis,
820 1336 935 1410 quanta
951 1323 1054 1388 multis
1073 1322 1163 1405 polli-

139 1424 220 1489 citus
243 1425 304 1500 sis,
347 1414 510 1510 quomodo
538 1424 674 1506 pecunia
698 1425 815 1505 pariter
841 1447 878 1489 ac
901 1424 1052 1509 dignitate
1082 1445 1162 1485 non·

137 1525 242 1589 nullos
269 1525 414 1601 auxeris,
440 1537 472 1588 et
498 1537 552 1589 tua
570 1528 656 1602 aula,
683 1537 719 1591 ut
737 1537 844 1606 aperta
862 1526 903 1590 sit
927 1524 1030 1588 doctis
1055 1523 1160 1604 hospi-

141 1625 287 1689 talissime
306 1627 403 1701 viris,
434 1627 493 1715 nisi
513 1626 645 1701 scirem,
675 1628 808 1689 multum
828 1650 845 1690 a
865 1638 917 1688 tua
938 1627 1074 1688 alienum
1091 1644 1161 1689 csse

138 1726 309 1803 modestia,
339 1727 372 1789 in
391 1730 477 1790 Livia·
494 1726 678 1807 praefatione
698 1739 821 1790 tuarum
842 1727 898 1789 tibi
917 1726 1045 1789 laudui'u
1065 1745 1160 1787 cneo·

137 1826 227 1889 miou
245 1827 320 1909 legi.
360 1827 457 1891 Certo
477 1828 676 1907 profectost
693 1829 783 1890 locus
805 1838 851 1887 est
876 1837 1075 1908 opportunus
1102 1824 1160 1898 bic,

139 1925 194 1990 ubi
215 1947 280 1988 uon
300 1929 423 1990 renasci
447 1939 566 1991 tautum
585 1927 662 2008 uelit
674 1928 814 2010 ,eximias
835 1927 986 2008 scriptor,
1006 1926 1064 1988 sed
1083 1924 1161 1988 oriri

139 2026 229 2092 etiam
246 2026 319 2089 olim
336 2024 493 2109 potuerit,
513 2039 545 2090 et
559 2039 595 2090 tu
610 2028 740 2109 diguus,
762 2027 818 2110 qui
831 2039 999 2108 patronum
1014 2025 1047 2087 in
1064 2027 1162 2106 vulgo

137 2135 226 2192 Livii
256 2149 341 2212 agas.
390 2130 506 2211 Neque
532 2129 689 2202 vicissim,
728 2139 782 2191 aut
807 2139 861 2190 tua
889 2128 991 2192 frctus
1020 2126 1163 2190 bonitate

137 2226 251 2292 dieam'
267 2228 385 2314 aliquid
408 2229 527 2305 libere,
557 2228 706 2310 indignus
733 2214 803 2303 ille,
836 2227 892 2310 qui
917 2228 974 2291 tihi
1000 2228 1163 2304 offeratur,

58 2322 64 2337 ’
137 2330 261 2416 tibique
296 2329 485 2405 dedicetur,
529 2351 564 2392 ac
595 2341 653 2393 tuo
686 2329 744 2414 qui
781 2340 933 2410 praetento
967 2328 1095 2391 nomine
1129 2327 1163 2391 itt

137 2431 279 2499 manibus
298 2431 460 2495 habeatur.
500 2430 711 2511 Quinetiam,
732 2428 759 2492 si
778 2428 907 2490 tianius
931 2428 1033 2491 adhuc
1052 2427 1163 2490 audire

137 2554 189 2597 me
213 2534 371 2605 sustines,
403 2531 521 2604 dicam,
552 2549 618 2591 nou
643 2528 677 2592 in
702 2517 817 2592 intimis
845 2548 916 2591 esse
941 2528 1077 2591 fortunae
1101 2538 1164 2591 tue

137 2629 283 2707 dotibus,
304 2629 393 2714 quod
412 2640 442 2690 et
458 2632 518 2691 lroc
529 2641 688 2709 tempore,
709 2640 743 2694 et
756 2639 813 2691 tuo
827 2648 899 2690 cum
914 2631 1037 2691 honore
1053 2639 1163 2690 auctus

138 2729 180 2794 sit
203 2728 424 2794 invictissimus
452 2729 588 2793 historia
614 2731 772 2793 conditor.
818 2731 916 2811 Quod
943 2729 970 2792 si
993 2731 1164 2792 reclament

138 2850 182 2892 ex
200 2829 439 2894 centurionibus
460 2829 588 2916 quidam
608 2830 703 2906 ebrii,
725 2841 779 2894 aut
798 2829 917 2914 alioqui
933 2832 1012 2892 male
1029 2828 1163 2894 consulti

136 2927 301 3006 homines,
332 2931 535 3016 ingeniorum
561 2935 699 2995 levantes
724 2931 872 3012 palmam,
906 2951 942 2991 ac
960 2931 994 2992 iu
1014 2927 1165 2994 varicosia

138 3029 390 3108 miserarium,
411 3033 533 3095 callosis
553 3032 692 3095 matribus
712 3051 805 3093 omne
825 3031 940 3105 alecus,
961 3051 1087 3093 omnem
1106 3050 1164 3112 po·

137 3143 250 3195 nentes
276 3131 530 3212 amplitudinem,
558 3131 746 3213 objiciemus
773 3131 985 3194 balatronibus
1004 3139 1164 3209 Tacitum,

138 3229 267 3294 minime
304 3233 417 3295 matun
455 3233 528 3296 olim
563 3234 781 3296 Romanorum
813 3233 1068 3313 Imperatorum,
1108 3229 1166 3314 qui

140 3328 168 3395 ti
195 3328 273 3392 tanti
305 3327 382 3393 iecit
413 3336 592 3394 Cornelium
621 3339 791 3409 Tacitum,
831 3339 975 3396 historice
1001 3344 1032 3393 et
1062 3331 1167 3410 ipsum

141 3429 350 3513 scriptorum,
386 3441 419 3493 ut
444 3429 515 3508 ejus
537 3455 571 3498 se
595 3430 710 3512 carpide
737 3432 830 3495 etiarn
850 3433 972 3497 familiae
991 3433 1166 3503 insereret;

140 3551 179 3593 ao
208 3540 328 3593 tautum
362 3531 577 3613 praeferendus
612 3543 659 3595 est
695 3539 809 3594 Tacito
841 3539 976 3608 Livius,
1012 3543 1166 3615 quantum

140 3629 341 3694 doctissimus
369 3632 505 3716 quisque
529 3631 670 3712 judicat:
708 3631 788 3713 quid
813 3631 886 3693 huic
912 3644 1023 3695 nostro
1054 3628 1167 3695 debari

142 3729 414 3795 existimabimus?
450 3744 566 3816 quanta
591 3754 664 3795 cum
690 3731 858 3794 ambitione
884 3731 956 3809 ejus
983 3735 1166 3812 captandam

141 3831 437 3918 propinquitatem?
475 3833 616 3898 Primum
638 3834 722 3896 euim
741 3840 889 3894 Asinium
907 3840 1081 3896 Pollionem
1098 3856 1167 3897 nors

141 3931 326 4008 audiemus,
360 3933 598 3997 Patavinitatem
615 3934 658 3997 illi
677 3955 765 3997 suam
785 3933 1008 4016 objicientem:
1039 3944 1168 4018 Qru‘nti⁴

143 4041 226 4096 liant
241 4032 425 4095 seutentiam
439 4035 658 4115 probabimus,
674 4035 730 4118 qui
745 4036 949 4098 ediscendum
963 4038 1045 4098 illum
1060 4036 1167 4116 pueris

143 4135 259 4200 suasit:
292 4144 325 4197 et
348 4142 459 4211 quum
480 4142 659 4213 principem
680 4136 900 4211 irridebimus,
931 4147 968 4197 ut
993 4135 1168 4199 verbosum

142 4236 228 4301 illum
253 4235 467 4299 insectantem.
518 4234 639 4299 Contra
665 4246 805 4320 Auqnsra‘
833 4237 993 4300 lenitatem
1020 4236 1167 4301 laudibus

142 4339 347 4409 extollemus,
373 4334 462 4417 quod
482 4339 632 4418 aequalem
650 4339 734 4400 huuc
752 4337 837 4412 tulit,
858 4336 944 4400 omni
964 4341 1168 4403 veliementer
