2632 5086
504 724 634 799 Oratio
660 725 787 820 quinta
1107 736 1169 808 171

146 937 203 981 mo
230 916 349 979 oculos
376 913 483 991 eruit3
512 914 570 1001 qui
601 939 660 999 per
685 938 768 1000 quos
795 917 953 994 constitit,
984 940 1043 985 eos
1066 921 1174 985 liberis

148 1018 270 1080 orbatos
299 1020 484 1081 convellere
507 1019 638 1081 studuit.
679 1016 742 1080 Cui
770 1017 828 1081 uni
854 1031 886 1081 et
911 1020 971 1081 soli
990 1022 1091 1085 emitis
1112 1020 1175 1085 dis·

147 1118 253 1199 plicuit
275 1118 442 1198 probitas,
469 1119 573 1181 omnis
600 1117 676 1181 odio
703 1119 883 1182 innocentia
907 1120 987 1196 fnit,
1018 1132 1176 1185 utcontra

147 1219 288 1295 hitales,
319 1221 458 1295 scelera,
490 1231 522 1282 et
549 1220 759 1302 pessimorum
780 1219 841 1283 sibi
859 1219 1039 1284 facinorum
1055 1223 1175 1285 conscii

147 1321 287 1384 homines
319 1320 454 1402 premiis
479 1320 634 1384 reservati
659 1331 750 1384 sunt:
783 1321 840 1404 qui
868 1322 1043 1385 ministrum
1070 1344 1173 1400 strum,

147 1422 285 1505 aperilem
312 1421 523 1497 Germanum,
554 1421 659 1504 quod,
691 1432 726 1483 ut
751 1424 847 1501 paulo
872 1436 944 1487 anto
974 1424 1062 1492 (lixi,
1087 1444 1176 1489 stram

148 1542 280 1585 uxorem
305 1520 411 1601 partui
431 1520 493 1602 jam
518 1523 669 1596 vicinam,
689 1542 841 1585 unacum
865 1523 1026 1599 munstre,
1053 1536 1085 1586 et
1105 1545 1177 1608 grs-

149 1623 213 1685 rida
231 1622 447 1705 pedissequa,
467 1643 534 1685 uno
549 1623 687 1704 impetn,
704 1623 885 1705 eodemque
899 1643 1002 1705 prope
1014 1638 1175 1688 momento

151 1723 361 1799 confodisset,
380 1728 447 1785 bon
469 1734 590 1786 tannim
611 1744 676 1784 non
695 1722 836 1803 punivit,
865 1724 921 1783 sed
938 1724 1177 1802 confugientem

151 1826 235 1887 adse
255 1823 372 1899 etiam,
392 1835 573 1905 perpetrato
595 1824 737 1886 facinore
762 1823 956 1887 familiariter
974 1823 1113 1906 accepit,
1145 1837 1177 1888 et

150 1922 328 2005 raginerio
358 1922 502 2006 equitum
528 1924 678 2007 prefecit.
727 1922 795 1985 lmo
820 1923 854 1985 in
876 1936 999 1988 tutatum
1026 1925 1174 2006 probavit

149 2023 281 2101 lacmm,
323 2037 360 2087 ut
392 2025 453 2088 sibi
472 2027 505 2101 ⁶)
533 2027 740 2100 irasceretur,
782 2025 838 2108 qui
871 2025 971 2088 simile
1006 2027 1176 2111 aliquando

148 2125 312 2191 eonsilium
332 2127 374 2188 ed
393 2137 543 2189 eventum
569 2148 634 2188 non
654 2127 864 2208 perduxisset.
902 2128 968 2207 Qui
990 2128 1033 2190 ita
1052 2128 1177 2208 perdite

146 2224 332 2291 libidinosus
346 2225 430 2304 fuir,
447 2239 483 2289 ut
501 2248 574 2289 cum
593 2228 960 2311 equitemGerrnaunm,
982 2228 1057 2311 qnia
1072 2248 1177 2291 uxore

146 2325 240 2409 ipsius
255 2326 326 2391 nui
342 2348 402 2408 per
419 2347 493 2393 eum
510 2349 576 2390 non
594 2340 718 2408 posset,
741 2329 967 2404 interemisset,
986 2348 1053 2389 non
1072 2332 1177 2391 solnm

146 2425 214 2508 ipse
229 2448 298 2490 non
319 2426 486 2504 abstinuit,
515 2430 571 2491 sed
591 2429 692 2510 ejecta
714 2429 807 2492 otiam
828 2428 1032 2492 illustrissima
1050 2426 1178 2490 immina

147 2527 288 2609 principe
314 2529 465 2604 audiere,
493 2552 551 2593 sua
572 2552 693 2605 uxore,
718 2530 800 2593 illam
819 2530 987 2592 retinuerit
1005 2529 1093 2592 domi
1112 2550 1176 2593 sue

141 2628 289 2709 pellicem
315 2632 497 2709 propalam,
524 2629 649 2691 ferente
677 2631 857 2712 turpissimo
886 2630 1030 2706 homine,
1060 2630 1176 2714 suique

139 2728 318 2804 simillimo,
349 2729 431 2791 illius
455 2740 553 2810 patre.
593 2731 657 2811 Oui
680 2750 721 2790 ne
744 2741 820 2793 tunc
848 2732 995 2815 quidem,
1023 2752 1095 2795 cum
1123 2732 1177 2793 ad-

140 2842 275 2893 remam
289 2848 351 2891 nos
365 2848 438 2892 cum
455 2829 599 2893 exercitu
613 2830 837 2906 intellexisset,
861 2842 893 2892 et
910 2828 971 2909 jam
988 2831 1096 2910 lugam
1109 2832 1177 2910 ipse

137 2932 332 3006 edomaret,
363 2929 508 2993 lascivire
527 2930 664 3007 destitit,
680 2932 730 3004 aa)
758 2952 870 2994 venun
895 2930 1017 2993 indicto
1044 2932 1179 2993 solemni

140 3034 303 3114 Tubingae
328 3051 440 3106 sacro,
473 3032 555 3095 illam
584 3032 794 3096 concubinam
817 3052 922 3107 suam,
962 3052 1058 3111 supra
1083 3050 1178 3113 quarn

139 3136 286 3207 honestae
299 3134 418 3208 solent,
439 3136 570 3209 cubam,
591 3133 623 3195 in
641 3135 789 3215 templum
806 3132 948 3212 ingredi,
971 3131 1126 3194 et'coram
1142 3150 1178 3193 se

142 3236 320 3299 consistere
327 3232 430 3311 jussit.
451 3232 515 3314 Qui
527 3234 895 3316 arrpissimammoeoham
905 3252 978 3295 cum
988 3252 1178 3313 amorepro-

144 3346 353 3417 sequamur,
368 3344 400 3395 et
412 3332 598 3415 dignatione
613 3333 772 3417 conjugali
783 3335 815 3397 in
829 3354 916 3398 saram
930 3354 1085 3407 uxorem,
1099 3333 1177 3395 illud

143 3434 305 3518 singulare
325 3432 484 3517 pudicitia
504 3434 684 3514 specimen,
711 3456 805 3497 canes
822 3435 916 3497 etiam
934 3454 1011 3495 snos
1028 3433 1177 3497 incitavit.

143 3536 209 3618 Qui
234 3535 336 3610 illam,
366 3555 433 3621 quo
457 3535 619 3600 ardentius
649 3534 775 3610 dilexit,
805 3556 845 3598 eo
872 3537 952 3597 banc
970 3536 1177 3597 contumelio·-

139 3637 207 3700 sius
221 3637 350 3711 habuit,
370 3646 403 3696 et
415 3635 574 3699 furentius
589 3635 750 3710 tractarit3
772 3637 828 3719 qui
842 3638 937 3697 multa
949 3654 1008 3715 per
1022 3637 1179 3699 luxuriam

139 3737 367 3821 prolrrsissime
388 3737 446 3798 ubi
463 3735 682 3816 dilapidasset,
703 3740 797 3799 multa
819 3756 929 3809 avare,
955 3745 988 3796 et
1008 3737 1178 3799 crudeliter

141 3862 160 3900 a
175 3839 242 3902 suis
258 3838 384 3921 rapuit3
404 3837 461 3920 qui
473 3837 595 3919 primns
611 3838 750 3900 omnium
767 3837 799 3899 in
817 3838 986 3900 Germania
1000 3836 1178 3919 principum

144 3939 303 4003 delatores
321 3937 419 4017 aluit,
448 3948 481 3999 et
504 3949 702 4001 accusatores
721 3938 902 4012 constituitr
923 3939 1064 4021 quinon
1086 3938 1177 4003 lamro

141 4050 281 4114 tanturn,
306 4051 342 4103 et
370 4038 573 4114 rumoribus,
601 4038 657 4121 qni
679 4040 720 4100 dc
744 4060 779 4101 se
807 4037 1078 4121 perungebantur
1099 4060 1176 4118 eog-

140 4141 315 4206 noscendis
335 4160 468 4221 operam
485 4139 593 4215 dedit,
618 4140 674 4200 sed
694 4140 856 4202 hominnm
877 4139 970 4203 etiam
991 4139 1173 4221 opiniones,

145 4246 343 4272 ..ι-ὸ·-

179 4349 207 4413 ’)
226 4357 291 4404 nacla
309 4360 354 4403 at:
373 4352 423 4405 ull
442 4354 574 4421 lslrstllrt.
611 4348 658 4419 *’)
677 4360 792 4404 desstttt:
810 4356 906 4404 desinit.
