2632 5086
1202 366 1216 379 .Ι

135 779 201 849 162
307 771 349 843 In
372 767 560 842 Ulrichum
582 768 967 866 tturtenbergen'sem
1007 840 1010 847 ,

131 966 207 1046 Opt.
240 964 332 1026 Max.
363 973 398 1024 ut
430 960 627 1024 manifestius
656 980 722 1022 non
752 958 931 1040 potuisset,
969 959 996 1021 si
1022 977 1165 1038 presens

19 1060 41 1105 ’·
129 1065 282 1128 adfuisset
313 1064 422 1137 etiam,
467 1062 676 1144 duxissetque
706 1062 892 1141 angelorum
926 1061 1095 1135 cohortes,
1132 1070 1166 1121 ct

36 1164 47 1239 J'
128 1165 296 1248 spirituum
320 1163 464 1246 legiones
490 1161 638 1224 infinitas.
678 1162 780 1240 (lualo
806 1159 868 1221 fuit
891 1161 953 1221 hoc
977 1160 1062 1221 enim
1082 1180 1165 1240 prc-

128 1264 226 1328 seutis
245 1263 308 1328 Dei
327 1264 497 1329 indicium,
524 1284 612 1345 quae,
633 1272 664 1324 et
685 1282 780 1342 quam
800 1258 938 1325 imlubiae
955 1257 1165 1342 significatio·

127 1386 202 1442 nes,
239 1364 329 1448 quod
357 1384 429 1425 eum
459 1362 505 1424 sic
532 1361 672 1436 fureret,
707 1360 754 1423 sic
777 1364 935 1422 exultaret
960 1361 1054 1441 paulo
1087 1372 1163 1423 ante

127 1478 296 1547 tyrannus,
326 1466 484 1538 omnium,
516 1462 573 1545 qui
591 1482 733 1543 unquam
750 1461 896 1535 fuerunt,
929 1462 1105 1523 temeritate
1125 1483 1162 1523 ac

127 1565 297 1630 insolentia
319 1562 569 1644 perditissimus,
607 1572 732 1635 utnon
757 1571 828 1623 ante
857 1573 998 1645 actorum
1025 1561 1163 1641 impuni-

129 1678 226 1729 tatem
253 1667 355 1728 solum
382 1675 591 1745 consecutus,
625 1663 659 1727 in
688 1659 887 1724 securitatem
919 1661 1098 1723 vindicasse
1123 1683 1161 1723 se

126 1768 311 1843 videretur,
340 1764 567 1828 verumetiam
587 1761 707 1844 ingenti
728 1761 810 1823 circa
830 1781 864 1822 se
884 1774 972 1823 metu
995 1763 1158 1843 perculsos

127 1888 254 1943 omnes,
283 1887 319 1929 sc
335 1867 485 1928 attonitos
510 1863 656 1937 haberet,
683 1862 764 1924 adeo
787 1872 823 1923 ut
848 1882 943 1923 nemo
964 1883 1030 1923 nou
1048 1862 1158 1925 erede·

127 1978 194 2047 ret,
223 1967 279 2028 ubi
302 1965 359 2028 ubi
380 1965 562 2037 invasisset,
592 1963 696 2023 omnia
713 1962 804 2024 facile
828 1975 1055 2042 perrrrpturum
1073 1985 1159 2038 eum,

127 2068 218 2152 quod
245 2067 393 2148 inquam,
424 2063 715 2138 exultantissimus,
747 2048 795 2125 ac
808 2064 1070 2127 insolentissimus
1097 2063 1161 2144 jam

126 2176 193 2229 tum
208 2166 260 2228 ille
273 2186 347 2227 cum
363 2176 461 2238 esset,
481 2164 524 2227 iu
541 2164 782 2227 occurrentibus
803 2165 896 2226 nobis
916 2164 1079 2226 imbecillis
1117 2164 1160 2226 ita

125 2265 263 2342 fractus,
282 2276 316 2327 et
328 2266 495 2329 confectus
508 2265 672 2346 apparuit,
693 2275 728 2325 ut
745 2285 871 2327 omnem
886 2264 1056 2346 confestim
1070 2286 1161 2329 suam

125 2365 207 2444 vim,
236 2367 332 2429 etiam
349 2368 379 2441 ⁶³)
399 2366 533 2428 aliorum
552 2386 646 2446 opem
663 2366 853 2445 desperans,
878 2386 946 2428 uon
964 2365 1038 2428 viso
1057 2367 1157 2441 hoste,

124 2488 192 2531 non
218 2467 349 2543 audito,
390 2477 490 2529 taetus
519 2466 738 2540 conscientia,
783 2466 969 2548 profligatus
1002 2469 1159 2529 scelerum

124 2589 257 2632 suorum
276 2567 525 2642 recordatione,
553 2567 759 2647 profugeret,
791 2588 827 2627 ae
848 2566 1061 2641 dilaberetur,
1094 2567 1159 2631 imo

125 2680 346 2742 evanesceret,
367 2687 403 2727 ae
419 2666 621 2747 dispareret?
647 2668 743 2748 Agite
763 2680 883 2742 autem,
907 2690 977 2751 quae
1000 2667 1064 2729 fuit
1086 2690 1159 2731 eum

123 2765 193 2849 ipse
206 2767 239 2829 in
251 2769 393 2830 Bavaros
410 2765 648 2848 expeditionem
667 2769 816 2843 duceret,
836 2767 918 2830 aeris
940 2768 1156 2831 turbulentia?

125 2886 196 2950 quae
223 2867 292 2929 cosli
318 2866 552 2947 intemperies?
582 2867 703 2929 itineris
728 2866 882 2929 foeditas?
921 2891 991 2951 que
1024 2889 1157 2931 annona

124 2967 255 3045 caritas,
291 2966 395 3028 victus
423 2967 553 3053 inopia,
588 2979 703 3050 quanta
738 2967 858 3051 ubique
891 2968 1156 3053 incommoditas?

122 3064 225 3130 Nobis
257 3078 368 3129 eontra
400 3069 516 3131 eodem
539 3068 594 3129 illo
620 3078 785 3148 tempore,
820 3079 856 3130 ut
890 3068 1049 3131 furentem
1084 3073 1154 3149 ejus

122 3166 274 3248 impetum
290 3187 488 3230 moraremur
508 3168 681 3250 expeditis,
703 3188 797 3250 quam
816 3170 933 3233 amicus
951 3168 1029 3233 a'er?
1059 3189 1154 3251 qrram

120 3267 273 3332 familiare
296 3270 408 3329 coelum
428 3279 460 3330 et
477 3271 680 3333 commodum
702 3269 786 3332 iter?
820 3273 945 3351 Quanta
963 3268 1154 3332 commeatis

123 3368 234 3449 copia,
260 3388 392 3430 annonae
410 3364 538 3432 uilitas?
575 3373 679 3449 eram
702 3392 762 3450 pro
784 3383 862 3433 voto
884 3369 1005 3453 ubique
1023 3369 1153 3432 omnin?

122 3467 313 3551 Impeditum
347 3466 433 3530 illum
469 3469 621 3532 immensa
657 3490 810 3552 aquarum
845 3471 916 3545 vis,
954 3468 1154 3534 intolerabile

123 3566 245 3651 frigus,
276 3567 337 3632 iter
355 3588 535 3646 coenosum,
567 3569 670 3644 venti,
701 3582 736 3632 ut
757 3572 814 3633 six
833 3591 974 3656 unquam
992 3570 1152 3647 concitati,

122 3666 310 3731 reddebant.
364 3668 432 3730 Vix
454 3668 615 3750 proficisci
638 3669 780 3750 pedites,
817 3672 982 3757 egerrime
1006 3673 1153 3755 equites,

123 3768 227 3834 minus
248 3768 475 3849 impedimenta
490 3769 569 3832 trahi
589 3781 747 3850 poterant.
794 3774 874 3836 Nam
893 3773 1067 3847 machinas,
1095 3771 1155 3836 im·

123 3868 299 3953 primisque
319 3867 508 3939 bombardas
525 3891 591 3932 non
611 3872 753 3954 capiebat
769 3871 838 3948 vitu
869 3885 1080 3937 commeatum
1098 3873 1154 3937 ad·

104 3969 261 4031 schebet
283 3988 389 4031 nemo.
438 3969 603 4033 Adversus
629 3974 734 4056 omnia
755 3973 880 4050 imber,
920 3985 953 4035 et
977 3973 1011 4037 in
1039 3975 1155 4039 faciem

123 4088 280 4152 conversa
308 4067 477 4151 grandines
516 4070 739 4151 percellebant.
790 4074 977 4157 'l'orpebant
1009 4074 1155 4139 euntium

123 4168 286 4242 membra,
319 4188 355 4228 ac
374 4162 466 4230 nervi
482 4169 638 4252 rigebant.
677 4172 714 4235 ln
739 4169 849 4238 oeulos
870 4174 1050 4238 animalium
1068 4175 1155 4240 fers·

122 4288 289 4306 Φ*-

161 4372 194 4446 *)
210 4381 273 4435 asch
292 4382 354 4429 stu:
377 4386 453 4432 setam
470 4382 605 4443 bsisstttct.
