2632 5086
226 797 298 871 tta
320 786 520 871 Adomnes
532 783 570 858 in
581 780 781 859 Germania
795 771 986 881 Principes
1000 791 1072 857 etc.
1088 782 1203 881 epist.

227 977 356 1047 occidi?
385 988 420 1041 et
436 996 538 1061 quum
568 974 692 1067 gladios
713 972 883 1040 Germania
908 984 942 1037 et
969 975 1102 1058 laqueos
1126 977 1258 1055 habeat,

226 1081 344 1165 quibus
362 1089 471 1143 sontes
490 1065 679 1159 puniantur,
699 1074 810 1139 Rome
829 1073 930 1139 sinitis
948 1075 1078 1139 occidi?
1102 1075 1139 1137 Si
1159 1098 1260 1141 accu-

224 1182 336 1258 sabor,
358 1178 451 1243 vobis
471 1198 555 1241 unus
573 1173 710 1257 judicet,
742 1176 793 1239 itte
818 1174 992 1239 communis
1016 1174 1169 1258 princeps
1191 1177 1261 1243 Cs-

222 1285 329 1351 uoius:
350 1280 377 1344 si
396 1278 588 1353 convincor,
623 1275 675 1341 hic
694 1275 797 1339 occidi
814 1277 920 1339 detur.
960 1277 1033 1337 Non
1052 1275 1148 1357 fugio
1167 1276 1259 1358 judi·

223 1384 325 1458 oium,
358 1381 392 1444 iu
420 1378 527 1443 medio
559 1389 700 1440 vestrum
729 1379 927 1443 confidenter
947 1397 1067 1439 versor.
1109 1377 1258 1457 Turnum

222 1485 288 1546 vim
306 1482 378 1546 fieri
395 1500 463 1544 non
481 1477 665 1560 permittite:
685 1479 795 1551 saltem
815 1477 858 1551 ob
877 1477 930 1558 id,
957 1498 1013 1554 ue,
1042 1476 1072 1541 si
1093 1476 1257 1543 innocens

154 1574 158 1581 ¹
221 1602 351 1668 peream
371 1581 505 1645 istorum
524 1576 691 1653 violentia,
711 1577 880 1659 aliquando
901 1580 933 1643 in
952 1591 1113 1642 mortutun
1130 1572 1259 1665 fingant

223 1685 354 1748 crimen.
402 1682 494 1744 Hauc
514 1699 554 1741 ne
575 1676 667 1740 sinite
687 1677 798 1759 generi
818 1698 891 1751 meo
909 1679 1012 1743 labem
1030 1681 1200 1763 adspergi,
1228 1682 1259 1745 si

222 1805 274 1849 me
294 1794 458 1863 utcunque
476 1777 602 1842 tractari
620 1797 732 1858 porum
750 1778 860 1842 refert.
911 1779 986 1841 Hoc
996 1800 1061 1862 pro
1080 1802 1134 1852 me
1153 1782 1257 1845 effoeti

225 1893 316 1945 etate
335 1891 481 1962 parentes
501 1889 609 1952 orant,
641 1878 703 1939 hoc
721 1879 846 1940 attoniti
869 1878 918 1942 rei
938 1880 1141 1944 irtsuetudirte
1172 1885 1259 1947 ado·

215 1982 379 2057 dementes
403 1979 517 2043 intres
544 1979 772 2059 deprecautur;
802 1979 864 2041 hoc
895 1990 964 2041 tota
993 2001 1055 2044 vos
1080 1984 1253 2063 cognatio,

222 2081 460 2147 innumerabilis
485 2078 658 2142 amicorum
685 2095 782 2159 grex,
816 2089 865 2138 tot
893 2080 1067 2143 doctissimi
1085 2083 1253 2157 homines;

217 2192 264 2243 tot
282 2180 432 2263 generosi
458 2197 629 2258 proceres,
659 2188 751 2241 orant
779 2189 811 2240 et
832 2179 1039 2243 obtestantur.
1078 2180 1113 2243 Si
1136 2183 1254 2265 glories

218 2291 331 2343 vestrae
347 2278 512 2353 consului,
530 2275 695 2352 Germani,
716 2297 776 2337 vos
786 2298 827 2339 ne
840 2279 956 2347 famam
965 2279 1115 2362 negligite
1123 2302 1251 2359 meems

216 2385 242 2442 si
265 2378 368 2443 ioudis
393 2388 504 2439 vestre
531 2386 681 2458 operator
700 2375 766 2450 ini,
796 2379 888 2440 vobis
909 2397 1040 2443 rururmia
1065 2400 1135 2447 mea
1154 2395 1246 2445 curte

217 2481 274 2556 sit;
293 2479 321 2543 si
344 2479 485 2541 vestrum
504 2477 660 2543 honorem
682 2477 884 2556 amplificari,
919 2500 976 2543 vos
997 2500 1094 2543 meam
1112 2478 1243 2545 incolu-

216 2580 356 2646 mitatem
382 2598 423 2653 ue
454 2575 602 2640 deserite.
650 2577 764 2659 Egone
789 2577 862 2639 iiiuc
888 2580 1017 2643 divellar
1045 2580 1179 2643 iuieiix‘i
1202 2582 1248 2645 ab

225 2682 399 2754 tractores,
420 2699 490 2759 quse
505 2695 555 2739 me
570 2687 677 2761 natum
692 2675 834 2758 exeipit?
852 2681 1023 2758 nocendo,
1042 2680 1132 2765 quod
1144 2683 1248 2747 aluit?

220 2776 421 2851 hominibus,
440 2795 579 2857 quorum
597 2782 659 2837 tam
678 2777 783 2841 suavis
802 2783 1003 2843 consuetudo
1017 2780 1086 2843 est?
1105 2783 1166 2847 hos
1179 2804 1247 2867 ego

216 2875 334 2950 iocos,
366 2875 420 2937 has
448 2894 514 2937 aras
541 2876 708 2938 deseram?
736 2899 845 2961 neque
870 2880 904 2943 in
932 2881 1077 2948 exsilium
1100 2880 1186 2961 ibo,
1211 2896 1248 2949 ut

216 2975 332 3039 misere
351 2974 474 3050 vivam3
493 2976 551 3039 sed
571 2977 610 3039 ad
629 2976 762 3039 immone
780 2979 987 3062 supplicium,
1006 2994 1042 3045 ut
1059 2982 1246 3064 turpissime

218 3098 366 3161 peream,
385 3073 548 3155 abripiat?
567 3078 644 3139 Este
664 3076 801 3156 auxilio,
820 3084 1009 3161 populares!
1027 3082 1112 3147 ferte
1134 3091 1244 3168 opem!

218 3199 262 3242 ne
281 3176 406 3241 vinomo
425 3176 518 3240 sinite
549 3174 639 3239 indui
663 3176 755 3263 mihi,
788 3179 844 3263 qui
867 3185 1021 3262 repetiere
1051 3190 1187 3252 avobis
1207 3212 1245 3255 ea

214 3289 347 3349 conatus
377 3279 465 3338 sum!
504 3275 752 3341 corroboratam
790 3280 919 3362 quidem
934 3348 937 3352 ,
953 3288 1052 3348 muita
1082 3302 1244 3354 vetustate

218 3375 426 3447 licentiamin
444 3395 545 3438 meum
563 3386 666 3462 tamen
684 3380 855 3458 perniciem
882 3383 974 3451 exire
991 3406 1033 3447 ne
1052 3390 1244 3469 patiamini?

219 3473 323 3545 Officii
342 3472 502 3560 premium
521 3493 538 3533 a
556 3474 648 3538 vobis
660 3492 790 3560 repeto,
809 3483 902 3547 etiam
922 3484 1069 3549 beneficii
1084 3489 1246 3558 debitum.

216 3575 406 3654 Propuisate
431 3582 596 3637 externam
624 3575 687 3640 vim
714 3600 732 3641 a
758 3582 919 3662 populari,
949 3586 990 3648 ab
1015 3608 1075 3665 eo,
1109 3592 1185 3677 qui.
1201 3594 1244 3658 de

214 3672 309 3737 vobis
336 3672 418 3763 bene
439 3672 569 3736 meritus
587 3687 653 3752 est;
683 3679 712 3741 si
729 3677 846 3745 noxius
864 3696 930 3761 est,
957 3685 992 3749 in
1016 3687 1110 3751 vobis
1129 3693 1243 3773 puniri

209 3772 361 3847 sustinet!
390 3772 465 3835 Non
482 3772 559 3836 libet
576 3796 742 3855 accusare,
775 3782 923 3853 occidere
940 3786 1024 3850 licet.
1061 3791 1240 3878 Quamque

207 3894 328 3957 maguis
346 3870 422 3937 mihi
451 3872 623 3937 honestatis
652 3880 800 3943 conscius
818 3884 893 3960 sim,
925 3887 967 3948 de
987 3889 1073 3951 nutis
1091 3911 1240 3978 unquam

207 3972 405 4054 turpitudini
433 3994 508 4037 reus
534 3974 668 4053 fuerim,
699 3991 791 4059 petor
819 4004 965 4065 veneno,
993 4001 1087 4068 petor
1106 3994 1239 4075 gladio,

96 4078 100 4093 '
207 4086 244 4145 et,
258 4075 393 4137 Romam
413 4076 599 4157 protrahor:
619 4099 677 4154 ue,
700 4072 838 4162 quorum
856 4086 922 4149 hee
939 4100 1061 4154 mentes
1076 4095 1241 4176 cogitent,

174 4190 319 4240 'eorum
339 4175 425 4239 oculi
441 4178 605 4256 voluptate
630 4200 665 4242 se
691 4202 746 4244 sua
774 4185 932 4252 fraudent.
982 4190 1062 4273 Quis
1088 4206 1242 4261 vestrum

204 4276 287 4341 adeo
307 4277 429 4351 durus,
455 4276 537 4338 adeo
557 4287 604 4337 est
622 4281 853 4364 adornantium,
887 4301 923 4353 ut
940 4291 973 4354 ei
991 4312 1057 4355 noo
1076 4295 1243 4376 lacrymas

199 4374 361 4457 exprimat
378 4375 445 4439 hec
461 4373 608 4440 miseria?
638 4379 690 4445 Tu
714 4380 855 4463 Christe,
881 4391 937 4471 qui
954 4392 1239 4479 omniainrueris,
