2632 5086
184 664 252 783 'Ad
268 730 399 783 omnes
413 705 453 783 in
464 701 665 785 Germanis
674 706 865 811 Principes
873 719 946 785 etc.
963 710 1068 808 epist
1092 690 1161 789 'ets

144 904 224 966 lucri
247 904 296 965 sui
322 901 465 965 intuitum
487 897 554 961 latis
581 899 801 982 Evangelicam
829 899 965 966 molere·
987 918 1095 983 magns
1122 921 1165 966 ex

145 1015 235 1087 parte
259 1003 431 1066 doctrinam
452 1001 592 1084 adgressi
613 1002 683 1063 sint.
722 1001 763 1065 Hi
784 1002 862 1067 tum
888 1001 972 1064 slmrt
995 1000 1165 1065 Romnum

146 1104 347 1186 voraginem
366 1102 453 1166 illum
470 1112 604 1184 pascunt
623 1099 826 1165 insatiabilem
844 1101 913 1167 istic
931 1101 1163 1184 gurgulionem,

147 1202 204 1286 qui
223 1202 409 1287 patrimonia
427 1201 479 1267 hic
497 1219 607 1267 nostra
625 1202 803 1281 devorans,
825 1202 906 1264 hanc
925 1201 1009 1264 illinc
1029 1202 1165 1266 revomit

147 1325 269 1368 morum
300 1302 484 1383 perniciem.
526 1304 634 1384 Atque
665 1301 697 1366 lii
724 1303 914 1379 effecerunt,
947 1312 983 1363 ut
1010 1303 1096 1365 lrunc
1122 1300 1166 1368 illi

145 1405 264 1467 nationi
283 1404 524 1486 huielcqueum
543 1402 721 1476 induerint;
741 1425 836 1485 quem
855 1424 992 1479 vereor,
1012 1422 1053 1466 ne
1072 1402 1166 1480 haud,

145 1505 289 1581 solvatis,
310 1503 370 1568 nisi
389 1504 555 1567 destmrctis
572 1502 654 1567 suis:
683 1524 723 1565 ne
743 1504 826 1570 haud
842 1500 903 1570 nisi
922 1502 1107 1565 aboleantur
1122 1502 1166 1579 ht,
1217 1550 1220 1556 -

145 1606 301 1669 enodetis.
351 1604 395 1668 Hi
418 1614 493 1667 sunt
518 1603 608 1688 quasi
631 1603 760 1687 quidam
783 1604 818 1667 in
841 1603 948 1685 patrie
967 1603 1083 1666 melum
1102 1604 1166 1668 nuti

145 1705 254 1770 illices.
298 1705 343 1769 Hi
362 1706 512 1770 Romanae
538 1724 652 1768 mense
670 1725 824 1786 aucupes,
850 1702 924 1787 qui,
953 1704 1042 1787 quod
1063 1705 1167 1770 nona

144 1820 259 1884 voret,
293 1806 442 1888 cupiunt;
479 1817 511 1869 et
529 1806 657 1887 copiunt
682 1817 745 1866 tarn
770 1803 862 1868 nimis
892 1805 1039 1880 multum,
1071 1825 1167 1888 quam

145 1926 213 1968 non
242 1908 369 1970 satiatur
393 1907 446 1969 illu
472 1906 628 1969 vorando.
670 1902 804 1986 Aperite
833 1903 964 1979 oculos,
999 1904 1165 1969 Germenil

145 2017 178 2067 et
203 2005 331 2083 videte,
370 2008 427 2089 qni
452 2027 511 2070 vos
540 2006 592 2070 hic
616 2004 806 2087 dispolient,
842 2001 900 2087 qui
925 2002 1011 2083 apud
1035 2015 1165 2070 exteros

144 2104 322 2183 infament,
369 2105 580 2189 omnibusque
615 2108 708 2171 vobis
742 2106 828 2171 male
859 2100 1017 2180 toi-tune,
1064 2104 1166 2169 omnis

144 2205 307 2286 depravati
333 2217 432 2271 status
459 2218 605 2271 auctores
633 2206 705 2272 sint.
741 2206 852 2288 Atque
879 2223 954 2267 ecce
980 2203 1074 2267 robis
1095 2223 1167 2299 pcc·

142 2308 258 2369 teratos
278 2307 543 2389 indulgentiarum
564 2318 772 2381 mercatores,
793 2304 964 2386 sacrilegos
984 2305 1166 2388 gratiamm,

142 2405 430 2488 dispensationum,
447 2407 698 2483 absolutionum,
713 2418 746 2469 et
760 2405 861 2470 omnis
872 2404 1000 2489 generis
1012 2404 1167 2471 bullarum

143 2508 324 2582 institores,
362 2507 419 2588 qui
449 2526 608 2586 srcrmum
635 2526 745 2569 rerum
771 2515 944 2569 mercatum
972 2503 1007 2568 in
1035 2506 1167 2570 ecclesis

143 2605 207 2669 Dei
236 2605 460 2668 instituerunt:
504 2625 603 2689 quum
632 2604 837 2686 prolantrum
867 2606 920 2669 ille
945 2617 1105 2687 emptores
1133 2617 1166 2669 et

144 2704 329 2768 venditores
354 2705 472 2785 templo
498 2703 574 2767 olim
596 2702 736 2786 ejecerit.
785 2705 849 2789 Qui
868 2705 942 2770 istas
962 2706 1166 2771 architectum

144 2806 291 2869 fraudes:
319 2804 385 2870 illas
404 2804 594 2868 concinnant
618 2805 725 2867 dolos:
761 2807 847 2869 unde
865 2807 930 2869 hec
948 2817 996 2875 est
1016 2806 1164 2884 servitus,

142 2906 208 2968 hec
224 2904 361 2969 nationis
379 2903 474 2986 hujus
493 2905 666 2985 captivitas.
703 2903 768 2984 Qui
787 2925 837 2967 me
854 2905 1040 2985 impeditum
1057 2908 1164 2971 reddi-

142 3007 259 3069 derunt
269 3020 285 3078 ξε
336 3007 369 3068 in
409 3007 464 3070 has
497 3007 631 3081 turbas,
684 3006 764 3066 hanc
799 3003 1051 3087 inquietudinem
1087 3026 1164 3071 eon-

141 3107 297 3188 jecerunt.
337 3107 400 3187 Qui
420 3107 482 3169 hoc
499 3106 575 3169 mihi
594 3104 780 3179 discrimen,
811 3105 873 3167 hoc
895 3102 1071 3184 periculum
1090 3124 1166 3167 con·

142 3208 303 3272 cilinrunt:
328 3206 414 3271 haud
434 3205 524 3268 aliam
543 3205 587 3267 ob
605 3225 752 3281 causam,
784 3225 879 3289 quam
897 3204 973 3288 quir
991 3225 1064 3267 suas
1082 3214 1164 3269 artes

141 3308 289 3387 prodidi,
326 3307 462 3370 crimina
490 3306 622 3383 detexi,
661 3303 778 3388 rapinis
810 3302 942 3382 obstiti,
979 3317 1164 3389 granatum

142 3407 400 3488 impedimentum
423 3407 522 3472 attuli.
570 3407 794 3490 Quoniamque
819 3426 878 3489 per
897 3426 949 3470 me
968 3405 1103 3489 quatiam
1121 3429 1162 3470 cx

142 3522 232 3587 parte
251 3511 397 3571 effectum
416 3518 484 3584 est,
505 3518 542 3571 ut
559 3507 702 3571 nonnihil
720 3507 862 3588 ipsorum
873 3506 1045 3570 decesserit
1059 3507 1160 3583 lucro,

142 3625 227 3667 verae
247 3608 355 3689 pietati
372 3610 505 3673 multum
524 3607 701 3673 accesserit.
740 3607 871 3688 Semper
890 3609 1057 3670 tumultum
1076 3606 1161 3688 lugi,

134 3705 309 3771 seditionis
328 3717 439 3771 auctor
458 3727 529 3772 csse
547 3708 655 3772 nolui:
686 3718 781 3790 atque
800 3716 836 3770 ut
854 3704 1050 3788 intelligetis,
1069 3728 1164 3791 quam

142 3805 326 3870 non'luerit
344 3826 448 3870 meum
468 3807 649 3885 consilium,
681 3805 838 3889 publicam
857 3805 926 3871 istic
950 3806 1053 3871 statim
1070 3817 1163 3871 ever·

140 3906 265 3969 sionem
285 3906 407 3984 moliri,
425 3906 541 3971 Latine
560 3906 688 3988 scripsi,
715 3905 806 3991 quasi
825 3918 949 3971 secreto
968 3908 1166 3969 admonens.-

137 4028 248 4092 neque
268 4009 400 4091 vulgum
418 4007 522 4072 stetim
539 4008 662 4077 lubere.
675 4006 838 4071 conscium
855 4006 961 4070 volui:
989 4017 1039 4069 aut
1060 4026 1164 4088 popu·

140 4105 312 4185 larensem
332 4108 519 4191 contingere
538 4127 648 4173 aures:
677 4105 838 4192 quemvis,
859 4128 917 4171 cur
934 4109 997 4171 hoc
1014 4105 1165 4183 iacerem,

143 4205 213 4283 plus
233 4205 306 4269 satis
325 4228 427 4271 cause
446 4194 605 4273 haberem.
654 4211 747 4272 Nunc
774 4208 850 4292 quie
876 4206 1014 4272 sanitatis
1032 4226 1166 4288 capaces

144 4321 213 4365 etse
246 4306 300 4386 pie
325 4309 477 4375 admoniti
504 4331 570 4373 non
599 4309 765 4384 videntur,
803 4309 860 4371 sed
886 4309 1031 4370 fraterne
1062 4307 1164 4369 adhuc
