2632 5086
362 1185 571 1259 Ulrichi
619 1162 841 1257 Hutteni
885 1182 964 1280 Eqa

636 1354 682 1409 aa

145 1491 506 1574 Reverendissimum
522 1499 558 1572 in
572 1488 715 1573 Christo
731 1510 895 1596 patrem,
914 1522 957 1573 ac
969 1495 1169 1570 Dominum

147 1642 196 1712 D.
222 1639 456 1709 Chunradum
491 1637 705 1734 episcopum
727 1636 1093 1734 wirziburgensem,
1132 1646 1171 1707 et

244 1777 470 1849 Francorum
511 1776 643 1847 ducem
677 1775 715 1848 in
750 1773 933 1874 dialogum
967 1796 1073 1847 suum

559 1910 760 2011 Fortunam

477 2085 832 2161 Praefatio.

146 2445 225 2537 Jam
258 2496 361 2538 novus
393 2475 451 2537 init
484 2494 606 2549 annno,
648 2484 682 2534 tu
714 2492 819 2540 novus
851 2477 946 2556 paulo
975 2482 1046 2534 ente
1078 2471 1168 2532 datus

146 2585 240 2646 nobis
279 2585 391 2663 praesul
423 2602 479 2654 es,
527 2593 615 2664 pater
650 2583 913 2646 reverendissime
951 2600 986 2643 ac
1022 2578 1168 2660 princeps

150 2688 291 2768 optime,
327 2709 388 2769 ego
417 2688 526 2773 quid?
569 2709 635 2751 non
667 2685 784 2773 aliquid
813 2690 931 2754 mittam
960 2709 1081 2752 novum
1113 2682 1168 2747 tibi

150 2812 238 2856 novo
264 2792 397 2876 principi
420 2816 506 2858 novo
528 2796 656 2859 ineunte
684 2818 768 2861 anno
799 2798 941 2875 donum,
981 2816 1049 2880 quo
1076 2792 1169 2858 nobis

149 2905 289 2986 gratuler
314 2924 380 2964 non
408 2914 525 2967 tantum
549 2904 606 2968 hac
633 2907 652 2966 ὲ
678 2903 813 2981 familia,
851 2906 915 2968 hoc
940 2906 1074 2979 ordine,
1112 2902 1170 2965 sed

146 3015 237 3074 talem
256 3013 349 3075 etiam
366 3014 469 3076 virum
489 3014 596 3076 datum
613 3023 645 3076 te
663 3011 861 3094 principem?
888 3023 942 3075 ant
970 3012 1039 3074 alibi
1064 3011 1169 3092 potius

145 3120 207 3182 hoc
232 3117 360 3196 faciam,
395 3136 490 3204 quant
515 3121 549 3184 in
579 3141 619 3183 eo
649 3120 776 3195 libello,
816 3119 873 3203 qui
899 3120 940 3182 de.
965 3119 1095 3183 fortuna
1121 3128 1170 3183 est

145 3232 231 3288 ame
251 3227 471 3311 conscriptus?
505 3230 581 3292 Non
611 3228 740 3312 quidem
766 3228 856 3311 quod
882 3227 1014 3291 arbitrer
1032 3226 1170 3290 fortunae

145 3338 250 3418 potius
276 3348 421 3417 acceptos
449 3335 563 3399 referri
595 3348 745 3418 oportere
771 3339 829 3401 hos
859 3347 933 3399 tuos
959 3356 1168 3419 progressus,

145 3467 239 3528 (pram
265 3457 317 3507 aut
344 3446 403 3509 Dei
432 3444 665 3519 beneficentiae,
699 3455 754 3506 aut
782 3455 844 3507 ture
862 3443 990 3519 virtuti,
1017 3445 1075 3507 sed
1095 3443 1192 3528 quia¹

144 3555 328 3636 disceptatio
349 3564 395 3616 est
412 3554 454 3615 ibi
471 3552 511 3615 de
527 3551 582 3629 iis,
603 3576 672 3637 quae
689 3565 852 3637 utcunque
868 3553 1019 3615 eveniunt
1038 3552 1168 3628 homini,

146 3684 215 3746 quae
233 3661 356 3723 casibus
378 3661 447 3734 alii,
482 3660 609 3744 quidam
628 3663 712 3737 fato,
743 3681 802 3723 nos
828 3660 1034 3743 providentiae
1053 3659 1167 3728 divine

145 3770 361 3833 adscribimus.
400 3768 474 3830 Tibi
500 3769 614 3831 dedico
639 3769 813 3832 Fortunam
839 3769 953 3850 igitur,
983 3790 1050 3831 non
1078 3768 1186 3855 quo*

144 3879 208 3941 haee
233 3881 280 3942 illa
300 3876 445 3952 dederit,
476 3876 533 3938 sed
552 3874 626 3959 quia
646 3877 679 3937 in
699 3898 756 3939 ore
776 3889 825 3941 est
849 3877 1048 3953 mortalibus,
1078 3877 1168 3961 quic·

143 3987 223 4070 quid
243 3985 403 4062 evenerit,
432 3983 502 4062 ejus
521 3988 791 4062 commemoratio,
821 3984 889 4048 sive
908 3984 992 4047 enirn
1012 4005 1166 4066 prospere

141 4106 257 4180 agunt,
282 4093 441 4156 fortunam
464 4103 595 4169 canunt,
625 4092 693 4155 sive
713 4092 896 4171 infeliciter,
920 4095 1054 4157 eandem
1075 4115 1168 4158 aceu-

140 4216 223 4269 sant.
271 4203 321 4266 De
348 4213 379 4266 te
408 4222 487 4264 vero
514 4203 571 4264 hac
600 4201 742 4277 virtute,
778 4202 827 4265 his
858 4202 1000 4267 moribus
1035 4203 1165 4284 praedito

141 4324 295 4396 quantum
330 4330 452 4373 errasse
487 4311 571 4383 hoc,
623 4309 777 4392 quioquid
814 4320 883 4379 est.
930 4310 1018 4395 quod
1060 4309 1165 4375 omnia
