2632 5086
956 368 960 381 Ι

548 400 554 411 ³

970 442 973 449 ι

155 791 219 860 too
356 774 538 876 Apologia
562 775 609 849 ad
631 775 731 848 Petr.
756 774 804 847 de
829 772 972 848 Austros.

147 973 211 1037 sea
227 971 362 1035 tortasse
370 972 401 1047 1“)
420 991 485 1034 non
500 967 642 1045 invides,
667 988 774 1052 neque
786 970 849 1032 hoc
864 967 956 1031 nobis
974 990 1080 1053 neque
1095 969 1183 1032 alind

148 1080 336 1159 quicquam,
356 1084 392 1134 ut
411 1092 494 1155 quos
513 1070 559 1131 tui
577 1090 702 1151 semper
718 1069 879 1134 studiosos
895 1091 965 1134 esse
985 1072 1181 1153 cognovisti,

145 1176 186 1238 de
206 1186 302 1257 teque
333 1173 415 1234 bene
440 1183 598 1235 merentes
623 1182 776 1261 expertus
799 1190 850 1246 es,
885 1183 917 1234 et
945 1172 1003 1233 alia
1031 1173 1182 1256 quapiam

145 1278 186 1339 de
208 1295 301 1337 causa
320 1274 481 1351 irasceris,
505 1294 599 1355 quam
620 1292 726 1356 neque
749 1273 804 1334 ahs
829 1284 860 1332 tc
881 1272 1041 1349 audimus,
1071 1294 1181 1356 neque

145 1376 329 1459 suspicione
354 1373 570 1458 adsequimnr.
610 1374 662 1434 Tu
682 1373 731 1448 Μ)
756 1385 860 1434 tamen
884 1375 1079 1436 accusandus
1100 1378 1180 1436 mul-

142 1491 210 1540 tum
240 1498 291 1550 es,
320 1477 425 1558 quite
446 1496 565 1557 magnac
591 1472 719 1535 invidiae
742 1485 855 1555 caput,
889 1485 921 1534 et
945 1476 1035 1558 quasi
1062 1477 1179 1538 (lucrm

145 1578 258 1641 futurae
279 1588 389 1638 contra
416 1596 474 1636 uos
500 1573 752 1653 conjurationis,
780 1587 811 1635 et
831 1574 992 1649 Francus,
1008 1587 1045 1638 ¹et
1064 1596 1178 1659 eques,

144 1691 232 1741 tanto
252 1699 324 1739 cum
344 1679 477 1738 tumultu
497 1675 615 1748 inlers,
634 1685 671 1736 ut
687 1673 841 1755 suspicari
859 1675 968 1751 liceat,
989 1677 1179 1758 sanguinent

144 1793 177 1842 te
199 1790 343 1840 nostrum
370 1799 426 1856 spe
456 1787 528 1837 ante
555 1787 609 1836 tua
634 1776 815 1837 devorasse.
856 1776 953 1855 Quod
981 1776 1114 1852 viceris,
1146 1791 1178 1840 et

144 1883 245 1954 illam,
281 1879 307 1940 si
334 1875 463 1939 Christo
488 1879 504 1910 ‘¹

144 2001 259 2043 norum
271 1976 430 2039 excidium
440 2022 448 2050 ,
458 1976 613 2054 publicam
624 1975 795 2054 perniciem
806 1976 865 2039 sibi
877 1980 1069 2053 restituens,
1082 1979 1179 2041 nobis

144 2091 276 2142 mortem
291 2088 344 2139 aut
353 2075 482 2137 exilium
490 2076 752 2157 superinduxeris
763 2123 771 2151 ‚
787 2089 890 2139 tamen
902 2078 979 2162 quid
995 2091 1025 2139 tc
1037 2092 1177 2156 moveat,

145 2200 211 2241 non
224 2177 371 2252 invenio,
384 2197 443 2236 nec
455 2176 571 2238 deinde
587 2177 748 2240 sollicitius
765 2200 899 2259 qtrmram
912 2204 919 2253 ;
940 2190 1060 2241 tautum
1073 2183 1174 2258 taeior,

145 2281 234 2364 qiiod
247 2300 309 2342 uos
323 2277 559 2356 Christus0pt.
573 2279 662 2338 Max.
683 2280 873 2358 respexerit,
897 2291 1024 2343 nostros
1038 2296 1172 2346 conatus

144 2380 279 2461 vitaverit,
308 2391 416 2441 nostra
434 2378 564 2441 consilia
584 2377 747 2439 direxerit.
785 2381 835 2440 En
853 2392 954 2442 metus
972 2381 1056 2444 enim
1075 2383 1174 2448 abest.

144 2482 328 2544 Periculum
338 2480 501 2561 disparuit.
529 2479 629 2540 Nobis
640 2478 764 2540 libertas
775 2482 915 2544 reducta.
936 2482 1176 2570 Nimirum,qui

146 2582 351 2643 meditabatur
370 2583 488 2653 credes,
509 2579 666 2659 cogitabat
688 2578 852 2655 incendia,
875 2584 1063 2647 moliebatur
1080 2589 1175 2650 vasti·

127 2693 254 2753 utem,
276 2679 480 2761 profligatus,
502 2677 637 2758 ejectus,
659 2693 690 2741 et
711 2683 956 2759 exterminatus,
977 2685 1008 2746 in
1024 2707 1061 2746 ea
1073 2688 1175 2751 homi·

145 2801 220 2842 uum
233 2780 316 2842 lama
329 2790 489 2853 versatur,
510 2791 544 2840 ut
558 2777 628 2858 ejus
645 2780 774 2843 exilium
789 2805 883 2845 nemo
898 2786 1059 2848 fortunam
1078 2788 1176 2852 inter·

144 2893 302 2964 pretetur,
333 2902 455 2963 [smitam
474 2902 582 2943 omnes
600 2894 731 2956 vocent,
751 2904 811 2944 nos
834 2885 921 2960 W)
935 2886 969 2949 in
985 2897 1054 2949 tuto
1075 2889 1174 2951 simus

143 2982 298 3045 collocati.
348 2983 438 3062 Quos
466 2982 598 3043 credere
627 2983 745 3052 debes,
776 3005 938 3067 nunquam
966 2984 1008 3048 ita
1027 2990 1174 3052 desertos

142 3084 239 3159 fore,
270 3095 306 3145 ut
334 3082 522 3145 defensione
550 3094 661 3145 contra
689 3095 823 3147 vestram
849 3086 1017 3150 factionem
1043 3090 1174 3155 carituri

124 3186 260 3263 ·sirnus‚
290 3205 397 3268 neque
427 3185 469 3246 ita
501 3184 681 3247 exhausisse
705 3183 863 3248 bonorum
886 3209 944 3267 per
971 3189 1172 3256 Germaniam

144 3285 288 3347 virorum
317 3283 558 3361 benignitatem,
588 3296 619 3346 et
641 3284 908 3361 misericordiam,
935 3300 988 3364 ut,
1016 3290 1042 3353 si
1062 3294 1173 3356 redeat

144 3388 196 3448 ille
222 3384 335 3457 etiam,
369 3384 484 3444 auxilia
518 3405 587 3466 quae
621 3385 661 3446 ad
692 3386 925 3467 reprimendum
956 3389 1060 3469 ipsum
1098 3394 1172 3458 satia

144 3491 229 3561 sint,
263 3487 480 3564 desperemus.
518 3484 638 3546 lterum
665 3506 744 3547 vero
768 3487 844 3548 nihil
868 3490 1000 3571 satagis,
1035 3493 1062 3554 si
1082 3495 1173 3557 clari·

145 3586 286 3649 ordinem
313 3585 405 3647 nobis
426 3584 470 3645 sic
487 3584 645 3647 inventam
669 3587 834 3649 detrahere
857 3591 991 3651 conaris.
1030 3594 1173 3657 Aeterna

145 3697 192 3749 est
214 3687 297 3746 euim
318 3706 430 3746 eorum
446 3707 516 3766 quae
537 3685 618 3765 passi
639 3707 765 3761 sumus,
792 3691 962 3765 memoria,
988 3691 1171 3757 immortalis

144 3788 242 3859 lama,
261 3784 510 3867 inextinguibilis
520 3785 715 3862 recordatio,
732 3787 919 3852 innocentie
931 3804 1044 3855 nostrae
1059 3795 1170 3876 opinio

146 3890 186 3948 ita
209 3887 322 3949 inserta
350 3884 511 3948 hominum
532 3886 792 3965 cogitationibus,
816 3902 852 3954 ut
874 3893 987 3956 nullius
1004 3893 1080 3959 inde
1097 3919 1172 3959 moe·

144 4008 239 4061 rore,
266 3987 381 4050 nullius
402 3987 520 4049 invidia
538 3988 631 4050 evelli
651 3989 811 4054 sustineat.
850 3994 940 4055 Vale.
960 3996 998 4070 †)

180 4188 361 4254 'lsortassee
383 4195 501 4241 sonaim.
538 4187 584 4247 “t
604 4198 636 4242 r:
656 4199 674 4242 t.
717 4187 781 4258 W)
800 4199 920 4247 ctrtuo:
944 4200 1003 4247 niis.
1048 4194 1128 4266 W)
1145 4220 1170 4252 us

179 4276 206 4324 tt.
245 4284 339 4324 stmus:
361 4291 444 4325 tumus
483 4281 513 4332 t)
529 4281 589 4328 tucn
609 4284 738 4337 sustineat:
762 4284 821 4331 Vale
839 4284 971 4344 beisetdrt.

540 4416 767 4435 Μ
