2632 5086
142 773 190 847 46
451 775 626 851 Miseulus
654 776 837 875 Dialogus.

144 984 238 1041 ossa,
272 978 306 1031 et
333 967 479 1032 obscenos
503 968 632 1033 foetores
648 968 815 1032 contineat.
854 966 1051 1049 Quinetiam
1068 966 1160 1029 multi

137 1068 272 1142 borum,
291 1080 327 1131 ut
340 1069 386 1131 sic
399 1071 588 1144 vestientur,
605 1070 768 1144 fraudant,
787 1066 928 1149 rapiunt,
947 1066 1158 1130 saturamur.

142 1168 223 1230 Nam
241 1169 402 1233 habendus
419 1181 466 1231 est
493 1170 527 1231 in
546 1171 615 1231 aula
638 1169 784 1243 vestitus,
803 1188 869 1229 non
883 1184 978 1249 (piem
990 1176 1026 1227 tu
1042 1186 1158 1247 parere

135 1279 253 1351 potes,
275 1270 332 1332 sed
351 1269 407 1352 qui
425 1288 467 1331 cx
486 1268 635 1351 principis
654 1268 802 1349 dignitate
821 1278 879 1329 cst.

568 1368 732 1432 Castus.¹

82 1500 86 1509 ·
157 1504 160 1509 ·
209 1467 258 1531 lbi
273 1479 304 1529 te
317 1468 398 1531 illius
409 1469 586 1533 meminisse
601 1465 758 1550 oportuit,
773 1468 861 1551 quod
869 1464 981 1529 Croeso
993 1464 1157 1545 objectum

135 1584 160 1629 a
181 1566 299 1629 Solone
319 1580 377 1631 ost.
425 1570 505 1631 Nam
522 1570 574 1631 ille
593 1590 664 1632 eum
683 1568 820 1631 adhibito
840 1566 974 1641 Solone,
1005 1584 1102 1627 aurea
1120 1586 1157 1629 se

140 1669 262 1747 sponda
279 1666 413 1730 molliter
426 1680 458 1729 et
475 1669 564 1749 regie
579 1670 781 1743 edomatum,
800 1666 898 1729 nitide
915 1665 1156 1746 composuisset,

140 1788 177 1830 oc
207 1768 247 1829 ab
272 1767 325 1829 illo
349 1779 609 1847 percontaretur,
643 1769 788 1851 nunquid
816 1788 953 1850 unquam
980 1766 1156 1845 speciosius

78 1902 81 1907 ·
138 1866 295 1931 uidisset?
324 1866 490 1945 respondit
509 1869 626 1930 Solon:
653 1872 751 1951 gallos
771 1869 973 1951 gallinaceos,
1000 1887 1153 1945 pavones,
1193 1928 1195 1935 ,

72 2028 78 2037 ,
137 1978 172 2027 et
191 1966 224 2028 id
241 1986 343 2045 genus
360 1965 518 2039 animalia,
538 1966 571 2027 in
588 1967 636 2030 his
657 1970 739 2032 enim
759 1968 994 2031 admirandumn
1010 1978 1154 2029 naturam

136 2064 350 2144 spectaculum
371 2064 550 2128 exhibuisse
567 2090 576 2141 ;
605 2068 689 2149 regis
709 2066 908 2130 stoliditatem
925 2084 1086 2147 arguens,
1117 2084 1153 2129 ac

137 2162 316 2227 istiusmodi
334 2164 482 2229 lucorum
501 2178 714 2248 contemptum
731 2167 874 2230 innuens.

538 2268 752 2331 Miseulus.
928 2252 936 2261 ’

92 2418 95 2427 .
136 2384 140 2391 ·
216 2368 259 2430 Et
272 2368 367 2431 multa
382 2378 549 2447 preterca,
569 2390 638 2451 que
652 2368 679 2429 si
697 2366 771 2431 milti
786 2367 820 2429 in
835 2376 970 2429 mentem
983 2366 1153 2439 venismt,

135 2488 205 2531 non
223 2468 271 2531 his
290 2467 534 2543 concessissem,
555 2468 738 2546 hujusmodi
755 2465 976 2547 objicientibus
995 2466 1153 2529 illecebras

138 2569 322 2646 Syrenibus.
369 2567 434 2647 Qui
461 2565 489 2629 si
522 2567 629 2629 itidem
657 2574 749 2651 ‹ptitm
782 2566 957 2647 periculose
986 2576 1154 2627 tractentur

137 2688 249 2743 regum
268 2686 304 2725 ac
321 2665 497 2746 principum
515 2666 673 2741 amicitie,
700 2666 961 2741 considerassem,
990 2684 1058 2726 non
1077 2663 1151 2728 tanti

135 2763 283 2827 fecissem
313 2763 386 2827 huic
414 2766 565 2828 interesse
595 2788 717 2847 pompae
729 2811 738 2842 ,
776 2766 809 2828 in
838 2786 899 2849 qua
923 2765 1010 2827 multi
1045 2762 1152 2846 oppri-

136 2875 275 2927 muntur.
305 2865 405 2943 Quum
421 2865 571 2928 frivolum
584 2879 632 2931 est
647 2868 747 2942 enim,
768 2877 842 2928 tunc
855 2884 891 2927 se
904 2876 1013 2945 putere
1028 2864 1151 2925 chanun

136 2963 184 3029 his
210 2964 373 3040 Dominis,
412 2986 484 3028 cum
513 2968 637 3031 dextras
669 2966 852 3049 porrigunt,
889 2975 942 3025 aut
971 2962 1151 3027 oscntmdu

81 3114 84 3119 -
137 3065 228 3131 etiam
255 3066 415 3146 praebent,
442 3067 573 3132 autubi
598 3067 786 3129 familiariter
811 3066 1053 3146 colloquuntur,
1081 3082 1152 3125 cum

136 3187 203 3229 non
229 3168 355 3230 allectus
383 3165 445 3229 sint
468 3165 536 3243 itta,
569 3168 627 3231 sed
645 3166 859 3231 ostentationis
878 3166 1063 3246 plerumque
1081 3182 1152 3245 qiu

137 3266 317 3346 peremnia
344 3265 377 3326 in
403 3266 478 3328 aulis
502 3280 622 3348 regnat.
669 3269 774 3330 Porro
790 3268 820 3343 ³¹)
838 3263 998 3338 insidiosi,
1027 3274 1064 3325 ut
1084 3263 1152 3343 plu·

136 3364 252 3427 simum
270 3375 342 3426 sunt
355 3364 420 3439 **),
440 3365 615 3448 principum
635 3369 759 3443 aliatus,
779 3386 861 3449 quos
875 3364 918 3426 illi
934 3362 976 3425 ob
992 3362 1025 3423 id
1040 3360 1152 3425 blando

138 3464 325 3538 conserunt,
350 3474 386 3525 ut
403 3486 534 3527 suorum
553 3467 671 3529 animos
689 3470 873 3546 explorent,
901 3476 932 3526 et
953 3464 1078 3525 allectos
1096 3462 1152 3523 mo

137 3563 344 3645 benignitate,
379 3565 417 3625 ad
443 3565 668 3628 effundendum
703 3566 820 3648 aliquid
850 3576 966 3625 temere
994 3560 1153 3623 inducunt.

138 3664 273 3725 Plurima
300 3662 384 3724 enim
413 3674 538 3744 oportet
564 3666 727 3741 simulare,
767 3686 801 3726 ac
828 3663 1022 3727 dissimulare
1047 3656 1153 3745 regcs'.

139 3762 231 3825 Unde
257 3783 323 3823 non
349 3763 493 3844 imperite
520 3766 640 3827 solebat
663 3766 769 3827 (licere
790 3765 964 3825 Germanus
983 3762 1153 3841 imperatos

140 3863 374 3945 sigismundus,
401 3864 455 3945 qui
476 3864 592 3926 neseiat
611 3866 773 3939 simulare,
798 3884 870 3926 eum
888 3862 1010 3924 nescire
1028 3846 1155 3943 regere.

115 3960 304 4044 ¹Plerisque
340 3981 418 4023 vero
452 3975 526 4025 tuuc
558 3966 691 4028 affabiles
724 3974 796 4028 sunt
808 4010 818 4041 ,
863 3984 935 4025 cum
966 3961 1157 4025 solvendum

139 4062 281 4127 salarium
302 4073 358 4123 est.
396 4062 444 4123 Ac
468 4063 587 4126 idcirco
613 4064 723 4127 blutde
750 4063 934 4137 coinferunt,
964 4082 1006 4125 ne
1023 4048 1157 4125 sibiilb'

140 4162 303 4245 pecuniam
330 4164 467 4242 petendo
499 4163 622 4226 molesti
652 4164 725 4227 siut.
773 4162 912 4229 Maxima
941 4160 1026 4225 euim
1050 4171 1084 4225 et
1110 4160 1156 4225 ibi

143 4283 307 4298 ffl-

175 4364 206 4435 ⁸)
223 4377 304 4423 Pom
314 4385 327 4421 0·
344 4387 382 4423 u.
427 4364 475 4434 ἠ)
491 4384 567 4425 sunt:
585 4377 639 4426 sint.
