2632 5086
211 795 283 871 tao
487 788 727 887 Inapicientea
750 787 937 888 Dialogua.

679 978 768 1042 Sol.
1243 976 1259 1013 ⁹

289 1081 335 1144 At
360 1081 593 1157 astrologorum
620 1089 667 1141 ert
697 1100 734 1141 ea
761 1082 870 1161 eulpa,
901 1081 993 1164 siqua
1021 1093 1084 1158 eat,
1114 1098 1189 1144 nam
1209 1080 1246 1144 lri

139 1262 145 1279 1
217 1180 400 1245 calculando
419 1180 611 1243 invenerunt
628 1181 688 1242 tale
709 1179 859 1243 hectore
877 1190 1012 1261 ternpus.

502 1278 512 1302 ⁴
628 1278 827 1359 cajetan.

47 1390 78 1429 ι’
162 1392 185 1431 ⁴
222 1436 232 1455 ,
291 1383 336 1446 At
353 1379 454 1462 magia
481 1379 624 1462 oportuit
651 1380 761 1444 videre
789 1393 839 1457 te,
872 1380 950 1464 quid
967 1381 1062 1442 vellet
1080 1381 1244 1462 pontilicis

218 1485 356 1563 legauit,
391 1499 486 1562 quam
517 1479 684 1562 astrologis
711 1482 788 1563 quid
815 1479 993 1547 conveniat.
1041 1480 1124 1542 Scin·
1153 1483 1245 1545 ltalia

218 1582 330 1645 exiens
351 1602 421 1663 que
440 1578 657 1642 interminatus
677 1602 745 1642 sum
765 1582 840 1658 tibi,
867 1582 902 1644 rii
925 1581 1104 1643 vehementi
1125 1583 1244 1647 ardore

215 1680 434 1763 intempestive
469 1679 691 1763 frigescentem
717 1681 916 1744 Germaniam
948 1681 1171 1756 recalfaceres,
1208 1700 1250 1744 ae·

214 1782 408 1847 estiviorem
435 1781 509 1842 mihi
536 1780 704 1856 redderes,
736 1801 779 1845 ne
802 1778 894 1845 ltalia
919 1788 1097 1845 necessario
1117 1793 1246 1847 terreret

215 1902 267 1948 me
287 1879 500 1945 desiderium?

684 1981 773 2044 Sol.

290 2082 405 2165 Neque
416 2082 477 2144 hoe
489 2066 711 2155 animadverti,
733 2083 810 2165 quid
824 2081 1010 2163 praeciperes
1022 2083 1112 2159 mihi,
1130 2104 1240 2168 neque

213 2172 355 2264 adquam
373 2179 452 2242 scivi
472 2201 662 2264 quemquam
682 2184 844 2245 mortalem
863 2183 922 2244 soli
937 2182 1101 2264 imperare.

624 2279 698 2363 caj
711 2301 821 2345 etan.

288 2380 363 2443 Non
382 2380 501 2445 scivisti
520 2379 578 2442 tu?
598 2393 694 2464 atque
712 2383 773 2444 hoe
792 2382 936 2464 ignoras,
968 2381 1147 2461 episcopum
1163 2382 1235 2444 tto·

212 2498 339 2544 manum
368 2481 440 2563 (qui
466 2482 551 2544 nune
577 2501 703 2545 omuem
729 2481 874 2544 ariamiri
900 2502 951 2546 rue
975 2480 1036 2542 rim
1061 2481 1236 2544 transfudit

213 2581 350 2661 legatum
382 2582 529 2655 alatere)
566 2591 599 2642 et
626 2582 702 2645 calo
731 2603 801 2665 qua
832 2580 923 2657 velit,
960 2592 992 2644 et
1018 2592 1102 2643 terra
1131 2582 1236 2664 ligare

213 2690 378 2763 potenter,
399 2700 435 2740 ao
454 2678 604 2743 solvere?

652 2775 759 2844 'Sol

286 2878 477 2956 Audieram,
509 2880 651 2943 sednon
669 2880 835 2944 credebam
854 2901 942 2955 oeae,
963 2881 1051 2963 quod
1073 2878 1124 2942 ille
1144 2877 1233 2961 jacti·

211 2990 303 3056 teret,
328 2999 434 3062 neque
454 2980 537 3043 euim
552 2981 653 3045 adhue
670 3000 861 3066 quemquam
874 2983 1051 3044 mortalium
1063 2979 1233 3065 quiequam

212 3078 263 3144 hie
283 3079 446 3144 immutare
465 3077 543 3144 vidi.

616 3180 675 3245 Ca
686 3180 818 3258 jetan.

284 3278 386 3341 Etiam
407 3300 473 3342 non
502 3280 604 3344 eredis
632 3280 709 3344 male
730 3280 909 3345 Christiane
928 3282 985 3344 tu?
1018 3302 1114 3365 quem
1134 3303 1230 3364 opor-

213 3386 275 3459 tet,
295 3379 362 3440 talia
381 3398 454 3443 eum
472 3379 530 3460 sis,
557 3382 861 3446 excommunicatum
880 3384 981 3447 statim
1000 3384 1120 3446 Satanae
1136 3383 1230 3461 tradi.

676 3483 763 3545 Sol.

282 3576 399 3640 Satanae
434 3590 469 3643 tu
504 3580 608 3645 trades
648 3600 699 3645 me
725 3584 801 3645 calo
827 3581 1013 3661 dejectum?
1048 3595 1081 3648 et
1112 3586 1229 3663 solem,

213 3678 303 3763 quod
324 3678 428 3758 ajunt,
448 3684 603 3745 e'mundo
618 3682 764 3745 auferes?

616 3782 672 3846 Ca
682 3783 694 3863 j
708 3794 819 3847 etan.

281 3879 440 3963 Equidem
459 3881 585 3959 faciam,
619 3883 679 3947 nisi
699 3883 828 3947 veniam
848 3897 937 3966 petes
964 3902 983 3950 a
1000 3905 1068 3964 me,
1099 3885 1229 3950 conlea-

208 3983 301 4048 aione
321 3982 421 4044 statim
439 3981 520 4045 lacta
538 3983 595 4045 uui
613 4005 654 4046 ex
674 3984 815 4064 cupiistis
833 3987 921 4051 meis.

433 4074 439 4085 ’
683 4085 763 4148 Sol.

280 4182 325 4245 At
343 4181 399 4244 ubi
419 4182 584 4250 confessus
603 4205 681 4264 ero,
702 4186 781 4270 quid
799 4197 864 4250 tum
884 4189 966 4251 llam.

616 4285 716 4366 Caje
729 4303 805 4348 tarr.

280 4380 409 4445 Poenam
426 4383 484 4447 tibi
503 4385 642 4466 infligam
659 4386 728 4451 dies
746 4387 867 4472 aliquot
886 4387 1002 4466 jubent
1021 4401 1075 4451 aut
1099 4384 1227 4469 jejunio

147 4594 403 4725 ²».

1267 748 1300 829 ξ’.
