<?xml version="1.0" encoding="UTF-8"?>
<!DOCTYPE html PUBLIC "-//W3C//DTD XHTML 1.0 Transitional//EN"
    "http://www.w3.org/TR/xhtml1/DTD/xhtml1-transitional.dtd">
<html xmlns="http://www.w3.org/1999/xhtml" xml:lang="en" lang="en">
 <head>
  <title>
</title>
<meta http-equiv="Content-Type" content="text/html;charset=utf-8" />
  <meta name='ocr-system' content='tesseract 3.04.00' />
  <meta name='ocr-capabilities' content='ocr_page ocr_carea ocr_par ocr_line ocrx_word'/>
</head>
<body>
  <div class='ocr_page' id='page_1' title='image "./ulrichiabhutten02mngoog_0290.png"; bbox 0 0 2632 5086; ppageno 0'>
   <div class='ocr_carea' id='block_1_1' title="bbox 211 772 935 877">
    <p class='ocr_par' dir='ltr' id='par_1_1' title="bbox 211 772 935 877">
     <span class='ocr_line' id='line_1_1' title="bbox 211 772 935 877; baseline -0.015 -17"><span class='ocrx_word' id='word_1_1' title='bbox 211 791 281 861; x_wconf 76' lang='lat'>280</span> <span class='ocrx_word' id='word_1_2' title='bbox 493 777 555 854; x_wconf 89' lang='lat' dir='ltr'>De</span> <span class='ocrx_word' id='word_1_3' title='bbox 579 774 731 877; x_wconf 80' lang='lat' dir='ltr'>Gucjoci</span> <span class='ocrx_word' id='word_1_4' title='bbox 752 772 935 851; x_wconf 81' lang='lat' dir='ltr'>medicine</span> 
     </span>
    </p>
   </div>
   <div class='ocr_carea' id='block_1_2' title="bbox 67 965 1297 4469">
    <p class='ocr_par' dir='ltr' id='par_1_2' title="bbox 67 965 1297 4469">
     <span class='ocr_line' id='line_1_2' title="bbox 209 965 1234 1049; baseline -0.006 -12"><span class='ocrx_word' id='word_1_5' title='bbox 209 972 312 1037; x_wconf 81' lang='lat' dir='ltr'>uictus</span> <span class='ocrx_word' id='word_1_6' title='bbox 330 970 366 1035; x_wconf 88' lang='lat' dir='ltr'>in</span> <span class='ocrx_word' id='word_1_7' title='bbox 383 968 548 1035; x_wconf 69' lang='lat' dir='ltr'>curatione</span> <span class='ocrx_word' id='word_1_8' title='bbox 566 969 625 1033; x_wconf 83' lang='lat' dir='ltr'>hee</span> <span class='ocrx_word' id='word_1_9' title='bbox 643 966 795 1031; x_wconf 73' lang='lat' dir='ltr'>tenuitate</span> <span class='ocrx_word' id='word_1_10' title='bbox 814 965 1038 1033; x_wconf 87' lang='lat' dir='ltr'>remittendum</span> <span class='ocrx_word' id='word_1_11' title='bbox 1058 978 1167 1049; x_wconf 89' lang='lat' dir='ltr'>putet,</span> <span class='ocrx_word' id='word_1_12' title='bbox 1189 989 1234 1032; x_wconf 91' lang='lat' dir='ltr'>ne</span> 
     </span>
     <span class='ocr_line' id='line_1_3' title="bbox 207 1064 1233 1155; baseline -0.004 -18"><span class='ocrx_word' id='word_1_13' title='bbox 207 1082 329 1138; x_wconf 87' lang='lat' dir='ltr'>tentum</span> <span class='ocrx_word' id='word_1_14' title='bbox 348 1070 478 1155; x_wconf 85' lang='lat' dir='ltr'>quidem</span> <span class='ocrx_word' id='word_1_15' title='bbox 498 1067 612 1153; x_wconf 85' lang='lat' dir='ltr'>inquit.</span> <span class='ocrx_word' id='word_1_16' title='bbox 655 1067 763 1151; x_wconf 81' lang='lat' dir='ltr'>Atque</span> <span class='ocrx_word' id='word_1_17' title='bbox 783 1066 861 1130; x_wconf 84' lang='lat' dir='ltr'>iliud</span> <span class='ocrx_word' id='word_1_18' title='bbox 880 1064 1012 1147; x_wconf 83' lang='lat' dir='ltr'>adjecit,</span> <span class='ocrx_word' id='word_1_19' title='bbox 1039 1088 1108 1131; x_wconf 92' lang='lat' dir='ltr'>non</span> <span class='ocrx_word' id='word_1_20' title='bbox 1128 1070 1233 1133; x_wconf 88' lang='lat' dir='ltr'>solum</span> 
     </span>
     <span class='ocr_line' id='line_1_4' title="bbox 206 1166 1232 1252; baseline -0.006 -17"><span class='ocrx_word' id='word_1_21' title='bbox 206 1168 422 1252; x_wconf 85' lang='lat' dir='ltr'>indulgentius</span> <span class='ocrx_word' id='word_1_22' title='bbox 449 1189 546 1252; x_wconf 81' lang='lat' dir='ltr'>quem</span> <span class='ocrx_word' id='word_1_23' title='bbox 562 1166 662 1231; x_wconf 85' lang='lat' dir='ltr'>ltniici</span> <span class='ocrx_word' id='word_1_24' title='bbox 680 1166 807 1249; x_wconf 83' lang='lat' dir='ltr'>generis</span> <span class='ocrx_word' id='word_1_25' title='bbox 830 1166 967 1250; x_wconf 74' lang='lat' dir='ltr'>aliquem</span> <span class='ocrx_word' id='word_1_26' title='bbox 984 1166 1165 1231; x_wconf 72' lang='lat' dir='ltr'>habiturum</span> <span class='ocrx_word' id='word_1_27' title='bbox 1185 1187 1232 1243; x_wconf 85' lang='lat' dir='ltr'>se,</span> 
     </span>
     <span class='ocr_line' id='line_1_5' title="bbox 206 1266 1233 1350; baseline -0.004 -13"><span class='ocrx_word' id='word_1_28' title='bbox 206 1292 249 1337; x_wconf 82' lang='lat' dir='ltr'>ex</span> <span class='ocrx_word' id='word_1_29' title='bbox 277 1269 467 1334; x_wconf 82' lang='lat' dir='ltr'>ventricosis</span> <span class='ocrx_word' id='word_1_30' title='bbox 492 1269 552 1333; x_wconf 88' lang='lat' dir='ltr'>illis</span> <span class='ocrx_word' id='word_1_31' title='bbox 580 1280 613 1330; x_wconf 89' lang='lat' dir='ltr'>et</span> <span class='ocrx_word' id='word_1_32' title='bbox 638 1270 673 1333; x_wconf 90' lang='lat' dir='ltr'>in</span> <span class='ocrx_word' id='word_1_33' title='bbox 698 1268 825 1350; x_wconf 76' lang='lat' dir='ltr'>crapula</span> <span class='ocrx_word' id='word_1_34' title='bbox 847 1266 1009 1331; x_wconf 89' lang='lat' dir='ltr'>consuetis</span> <span class='ocrx_word' id='word_1_35' title='bbox 1038 1268 1233 1333; x_wconf 82' lang='lat' dir='ltr'>Gemenum</span> 
     </span>
     <span class='ocr_line' id='line_1_6' title="bbox 204 1366 1232 1451; baseline -0.004 -16"><span class='ocrx_word' id='word_1_36' title='bbox 204 1371 385 1446; x_wconf 77' lang='lat' dir='ltr'>hommem,</span> <span class='ocrx_word' id='word_1_37' title='bbox 410 1370 468 1433; x_wconf 90' lang='lat' dir='ltr'>sed</span> <span class='ocrx_word' id='word_1_38' title='bbox 493 1370 608 1433; x_wconf 75' lang='lat' dir='ltr'>arctius</span> <span class='ocrx_word' id='word_1_39' title='bbox 635 1369 750 1445; x_wconf 84' lang='lat' dir='ltr'>etism,</span> <span class='ocrx_word' id='word_1_40' title='bbox 787 1379 820 1433; x_wconf 91' lang='lat' dir='ltr'>et</span> <span class='ocrx_word' id='word_1_41' title='bbox 847 1366 966 1451; x_wconf 74' lang='lat' dir='ltr'>exigue</span> <span class='ocrx_word' id='word_1_42' title='bbox 994 1368 1093 1451; x_wconf 76' lang='lat' dir='ltr'>megin</span> <span class='ocrx_word' id='word_1_43' title='bbox 1120 1371 1232 1434; x_wconf 86' lang='lat' dir='ltr'>mutto.</span> 
     </span>
     <span class='ocr_line' id='line_1_7' title="bbox 204 1467 1233 1555; baseline -0.002 -17"><span class='ocrx_word' id='word_1_44' title='bbox 204 1470 361 1555; x_wconf 76' lang='lat' dir='ltr'>Dixitque</span> <span class='ocrx_word' id='word_1_45' title='bbox 371 1469 447 1533; x_wconf 87' lang='lat' dir='ltr'>mibi</span> <span class='ocrx_word' id='word_1_46' title='bbox 465 1470 549 1551; x_wconf 84' lang='lat' dir='ltr'>ipse,</span> <span class='ocrx_word' id='word_1_47' title='bbox 569 1470 658 1554; x_wconf 85' lang='lat' dir='ltr'>quod</span> <span class='ocrx_word' id='word_1_48' title='bbox 676 1467 820 1533; x_wconf 71' lang='lat' dir='ltr'>serum</span> <span class='ocrx_word' id='word_1_49' title='bbox 839 1468 897 1532; x_wconf 89' lang='lat' dir='ltr'>dlis</span> <span class='ocrx_word' id='word_1_50' title='bbox 918 1469 1101 1552; x_wconf 82' lang='lat' dir='ltr'>quemdam,</span> <span class='ocrx_word' id='word_1_51' title='bbox 1120 1470 1233 1537; x_wconf 86' lang='lat' dir='ltr'>decem</span> 
     </span>
     <span class='ocr_line' id='line_1_8' title="bbox 204 1566 1230 1654; baseline -0.003 -17"><span class='ocrx_word' id='word_1_52' title='bbox 204 1566 339 1653; x_wconf 82' lang='lat' dir='ltr'>emplius</span> <span class='ocrx_word' id='word_1_53' title='bbox 367 1590 462 1654; x_wconf 77' lang='lat' dir='ltr'>quem</span> <span class='ocrx_word' id='word_1_54' title='bbox 492 1569 685 1650; x_wconf 75' lang='lat' dir='ltr'>oportuisset</span> <span class='ocrx_word' id='word_1_55' title='bbox 713 1569 800 1645; x_wconf 89' lang='lat' dir='ltr'>dies,</span> <span class='ocrx_word' id='word_1_56' title='bbox 826 1568 910 1632; x_wconf 79' lang='lat' dir='ltr'>ieme</span> <span class='ocrx_word' id='word_1_57' title='bbox 928 1568 1100 1633; x_wconf 77' lang='lat' dir='ltr'>cruciasset</span> <span class='ocrx_word' id='word_1_58' title='bbox 1116 1591 1230 1651; x_wconf 84' lang='lat' dir='ltr'>nuper,</span> 
     </span>
     <span class='ocr_line' id='line_1_9' title="bbox 203 1668 1229 1757; baseline -0.003 -23"><span class='ocrx_word' id='word_1_59' title='bbox 203 1693 271 1757; x_wconf 84' lang='lat' dir='ltr'>quo</span> <span class='ocrx_word' id='word_1_60' title='bbox 294 1670 415 1753; x_wconf 85' lang='lat' dir='ltr'>nequid</span> <span class='ocrx_word' id='word_1_61' title='bbox 438 1681 638 1751; x_wconf 71' lang='lat' dir='ltr'>superesset,</span> <span class='ocrx_word' id='word_1_62' title='bbox 666 1668 799 1750; x_wconf 80' lang='lat' dir='ltr'>Girsjeci</span> <span class='ocrx_word' id='word_1_63' title='bbox 817 1669 1034 1751; x_wconf 84' lang='lat' dir='ltr'>operationes,</span> <span class='ocrx_word' id='word_1_64' title='bbox 1053 1671 1142 1754; x_wconf 87' lang='lat' dir='ltr'>quod</span> <span class='ocrx_word' id='word_1_65' title='bbox 1159 1690 1229 1735; x_wconf 88' lang='lat' dir='ltr'>mo·</span> 
     </span>
     <span class='ocr_line' id='line_1_10' title="bbox 202 1768 1229 1852; baseline -0.006 -13"><span class='ocrx_word' id='word_1_66' title='bbox 202 1772 267 1839; x_wconf 86' lang='lat' dir='ltr'>reri</span> <span class='ocrx_word' id='word_1_67' title='bbox 293 1781 419 1852; x_wconf 85' lang='lat' dir='ltr'>posset,</span> <span class='ocrx_word' id='word_1_68' title='bbox 450 1781 483 1839; x_wconf 79' lang='lat' dir='ltr'>st</span> <span class='ocrx_word' id='word_1_69' title='bbox 507 1770 578 1833; x_wconf 79' lang='lat' dir='ltr'>teliu</span> <span class='ocrx_word' id='word_1_70' title='bbox 604 1768 787 1851; x_wconf 78' lang='lat' dir='ltr'>hujusmodi</span> <span class='ocrx_word' id='word_1_71' title='bbox 812 1769 960 1852; x_wconf 86' lang='lat' dir='ltr'>quidem,</span> <span class='ocrx_word' id='word_1_72' title='bbox 989 1771 1040 1831; x_wconf 83' lang='lat' dir='ltr'>vei</span> <span class='ocrx_word' id='word_1_73' title='bbox 1064 1768 1108 1831; x_wconf 91' lang='lat' dir='ltr'>ob</span> <span class='ocrx_word' id='word_1_74' title='bbox 1129 1769 1163 1832; x_wconf 91' lang='lat' dir='ltr'>id</span> <span class='ocrx_word' id='word_1_75' title='bbox 1186 1770 1229 1834; x_wconf 86' lang='lat' dir='ltr'>de</span> 
     </span>
     <span class='ocr_line' id='line_1_11' title="bbox 202 1869 1229 1953; baseline -0.006 -14"><span class='ocrx_word' id='word_1_76' title='bbox 202 1871 297 1939; x_wconf 85' lang='lat' dir='ltr'>Ricio</span> <span class='ocrx_word' id='word_1_77' title='bbox 312 1870 488 1953; x_wconf 78' lang='lat' dir='ltr'>promptius</span> <span class='ocrx_word' id='word_1_78' title='bbox 504 1891 737 1948; x_wconf 90' lang='lat' dir='ltr'>commemoro,</span> <span class='ocrx_word' id='word_1_79' title='bbox 750 1891 786 1932; x_wconf 86' lang='lat' dir='ltr'>sc</span> <span class='ocrx_word' id='word_1_80' title='bbox 798 1870 840 1933; x_wconf 90' lang='lat' dir='ltr'>de</span> <span class='ocrx_word' id='word_1_81' title='bbox 854 1870 1016 1933; x_wconf 87' lang='lat' dir='ltr'>Stromero</span> <span class='ocrx_word' id='word_1_82' title='bbox 1031 1869 1144 1952; x_wconf 78' lang='lat' dir='ltr'>sepius</span> <span class='ocrx_word' id='word_1_83' title='bbox 1159 1890 1229 1933; x_wconf 90' lang='lat' dir='ltr'>mo-</span> 
     </span>
     <span class='ocr_line' id='line_1_12' title="bbox 202 1970 1229 2054; baseline -0.003 -17"><span class='ocrx_word' id='word_1_84' title='bbox 202 1994 287 2045; x_wconf 87' lang='lat' dir='ltr'>neo,</span> <span class='ocrx_word' id='word_1_85' title='bbox 310 1971 444 2054; x_wconf 88' lang='lat' dir='ltr'>nequis</span> <span class='ocrx_word' id='word_1_86' title='bbox 465 1982 501 2036; x_wconf 91' lang='lat' dir='ltr'>ut</span> <span class='ocrx_word' id='word_1_87' title='bbox 519 1972 694 2054; x_wconf 79' lang='lat' dir='ltr'>intelligent</span> <span class='ocrx_word' id='word_1_88' title='bbox 713 1970 769 2053; x_wconf 90' lang='lat' dir='ltr'>qui</span> <span class='ocrx_word' id='word_1_89' title='bbox 792 1970 918 2051; x_wconf 84' lang='lat' dir='ltr'>legent,</span> <span class='ocrx_word' id='word_1_90' title='bbox 941 1990 1024 2053; x_wconf 90' lang='lat' dir='ltr'>quos</span> <span class='ocrx_word' id='word_1_91' title='bbox 1046 1990 1110 2053; x_wconf 81' lang='lat' dir='ltr'>ego</span> <span class='ocrx_word' id='word_1_92' title='bbox 1130 1970 1229 2047; x_wconf 85' lang='lat' dir='ltr'>viros,</span> 
     </span>
     <span class='ocr_line' id='line_1_13' title="bbox 201 2069 1230 2154; baseline -0.001 -18"><span class='ocrx_word' id='word_1_93' title='bbox 201 2084 289 2137; x_wconf 85' lang='lat' dir='ltr'>recte</span> <span class='ocrx_word' id='word_1_94' title='bbox 313 2072 452 2151; x_wconf 86' lang='lat' dir='ltr'>medicos</span> <span class='ocrx_word' id='word_1_95' title='bbox 483 2072 567 2149; x_wconf 87' lang='lat' dir='ltr'>dici,</span> <span class='ocrx_word' id='word_1_96' title='bbox 597 2081 630 2132; x_wconf 88' lang='lat' dir='ltr'>et</span> <span class='ocrx_word' id='word_1_97' title='bbox 648 2091 742 2154; x_wconf 82' lang='lat' dir='ltr'>quum</span> <span class='ocrx_word' id='word_1_98' title='bbox 767 2069 845 2133; x_wconf 90' lang='lat' dir='ltr'>istos</span> <span class='ocrx_word' id='word_1_99' title='bbox 869 2070 967 2152; x_wconf 84' lang='lat' dir='ltr'>vulgo</span> <span class='ocrx_word' id='word_1_100' title='bbox 989 2079 1128 2132; x_wconf 84' lang='lat' dir='ltr'>tortores</span> <span class='ocrx_word' id='word_1_101' title='bbox 1146 2069 1230 2135; x_wconf 79' lang='lat' dir='ltr'>inire</span> 
     </span>
     <span class='ocr_line' id='line_1_14' title="bbox 202 2167 1229 2254; baseline -0.002 -18"><span class='ocrx_word' id='word_1_102' title='bbox 202 2172 418 2254; x_wconf 69' lang='lat' dir='ltr'>appellationis</span> <span class='ocrx_word' id='word_1_103' title='bbox 435 2169 531 2253; x_wconf 86' lang='lat' dir='ltr'>hujus</span> <span class='ocrx_word' id='word_1_104' title='bbox 546 2169 732 2253; x_wconf 75' lang='lat' dir='ltr'>dignitatem</span> <span class='ocrx_word' id='word_1_105' title='bbox 743 2169 894 2231; x_wconf 78' lang='lat' dir='ltr'>locandos</span> <span class='ocrx_word' id='word_1_106' title='bbox 914 2167 1107 2245; x_wconf 85' lang='lat' dir='ltr'>existimem,</span> <span class='ocrx_word' id='word_1_107' title='bbox 1127 2181 1229 2253; x_wconf 90' lang='lat' dir='ltr'>utque</span> 
     </span>
     <span class='ocr_line' id='line_1_15' title="bbox 201 2269 1297 2349; baseline -0.001 -14"><span class='ocrx_word' id='word_1_108' title='bbox 201 2273 330 2337; x_wconf 77' lang='lat' dir='ltr'>videant</span> <span class='ocrx_word' id='word_1_109' title='bbox 353 2271 472 2345; x_wconf 83' lang='lat' dir='ltr'>exteri,</span> <span class='ocrx_word' id='word_1_110' title='bbox 494 2269 694 2334; x_wconf 79' lang='lat' dir='ltr'>Germaniam</span> <span class='ocrx_word' id='word_1_111' title='bbox 711 2269 828 2333; x_wconf 83' lang='lat' dir='ltr'>bebere</span> <span class='ocrx_word' id='word_1_112' title='bbox 843 2289 939 2334; x_wconf 80' lang='lat' dir='ltr'>sonos</span> <span class='ocrx_word' id='word_1_113' title='bbox 961 2281 993 2332; x_wconf 88' lang='lat' dir='ltr'>et</span> <span class='ocrx_word' id='word_1_114' title='bbox 1012 2269 1110 2349; x_wconf 80' lang='lat' dir='ltr'>ipsum</span> <span class='ocrx_word' id='word_1_115' title='bbox 1128 2269 1230 2333; x_wconf 91' lang='lat' dir='ltr'>medi·</span> <span class='ocrx_word' id='word_1_116' title='bbox 1292 2303 1297 2310; x_wconf 93' lang='lat'>·</span> 
     </span>
     <span class='ocr_line' id='line_1_16' title="bbox 203 2369 1228 2457; baseline -0.004 -20"><span class='ocrx_word' id='word_1_117' title='bbox 203 2393 276 2447; x_wconf 88' lang='lat' dir='ltr'>cos,</span> <span class='ocrx_word' id='word_1_118' title='bbox 296 2384 556 2457; x_wconf 80' lang='lat' dir='ltr'>cognoscantque</span> <span class='ocrx_word' id='word_1_119' title='bbox 576 2392 705 2446; x_wconf 88' lang='lat' dir='ltr'>omues,</span> <span class='ocrx_word' id='word_1_120' title='bbox 724 2381 786 2433; x_wconf 80' lang='lat' dir='ltr'>tem</span> <span class='ocrx_word' id='word_1_121' title='bbox 807 2391 857 2432; x_wconf 89' lang='lat' dir='ltr'>me</span> <span class='ocrx_word' id='word_1_122' title='bbox 876 2369 977 2434; x_wconf 88' lang='lat' dir='ltr'>teneri</span> <span class='ocrx_word' id='word_1_123' title='bbox 998 2369 1174 2446; x_wconf 90' lang='lat' dir='ltr'>bonorum,</span> <span class='ocrx_word' id='word_1_124' title='bbox 1195 2381 1228 2433; x_wconf 87' lang='lat' dir='ltr'>et</span> 
     </span>
     <span class='ocr_line' id='line_1_17' title="bbox 200 2469 1228 2557; baseline -0.005 -19"><span class='ocrx_word' id='word_1_125' title='bbox 200 2474 341 2557; x_wconf 77' lang='lat' dir='ltr'>inprimis</span> <span class='ocrx_word' id='word_1_126' title='bbox 363 2475 533 2536; x_wconf 87' lang='lat' dir='ltr'>doctorum</span> <span class='ocrx_word' id='word_1_127' title='bbox 553 2471 660 2533; x_wconf 90' lang='lat' dir='ltr'>studio</span> <span class='ocrx_word' id='word_1_128' title='bbox 680 2482 712 2534; x_wconf 91' lang='lat' dir='ltr'>et</span> <span class='ocrx_word' id='word_1_129' title='bbox 732 2469 882 2545; x_wconf 84' lang='lat' dir='ltr'>amicitia,</span> <span class='ocrx_word' id='word_1_130' title='bbox 909 2489 1003 2551; x_wconf 77' lang='lat' dir='ltr'>quam</span> <span class='ocrx_word' id='word_1_131' title='bbox 1022 2469 1100 2533; x_wconf 88' lang='lat' dir='ltr'>istos</span> <span class='ocrx_word' id='word_1_132' title='bbox 1121 2471 1228 2535; x_wconf 84' lang='lat' dir='ltr'>odisse</span> 
     </span>
     <span class='ocr_line' id='line_1_18' title="bbox 201 2569 1226 2657; baseline -0.003 -20"><span class='ocrx_word' id='word_1_133' title='bbox 201 2577 299 2657; x_wconf 80' lang='lat' dir='ltr'>vulgo</span> <span class='ocrx_word' id='word_1_134' title='bbox 321 2576 466 2636; x_wconf 83' lang='lat' dir='ltr'>indoctos</span> <span class='ocrx_word' id='word_1_135' title='bbox 483 2570 600 2653; x_wconf 84' lang='lat' dir='ltr'>puriter</span> <span class='ocrx_word' id='word_1_136' title='bbox 622 2593 659 2633; x_wconf 82' lang='lat' dir='ltr'>ac</span> <span class='ocrx_word' id='word_1_137' title='bbox 678 2570 822 2651; x_wconf 86' lang='lat' dir='ltr'>improbe</span> <span class='ocrx_word' id='word_1_138' title='bbox 839 2570 972 2634; x_wconf 75' lang='lat' dir='ltr'>audaces</span> <span class='ocrx_word' id='word_1_139' title='bbox 989 2569 1150 2647; x_wconf 84' lang='lat' dir='ltr'>homiues,</span> <span class='ocrx_word' id='word_1_140' title='bbox 1170 2574 1226 2654; x_wconf 90' lang='lat' dir='ltr'>qui</span> 
     </span>
     <span class='ocr_line' id='line_1_19' title="bbox 200 2669 1225 2755; baseline 0 -20"><span class='ocrx_word' id='word_1_141' title='bbox 200 2684 368 2755; x_wconf 81' lang='lat' dir='ltr'>postquem</span> <span class='ocrx_word' id='word_1_142' title='bbox 396 2670 537 2735; x_wconf 87' lang='lat' dir='ltr'>doctoris</span> <span class='ocrx_word' id='word_1_143' title='bbox 556 2683 700 2735; x_wconf 89' lang='lat' dir='ltr'>eruerunt</span> <span class='ocrx_word' id='word_1_144' title='bbox 721 2670 845 2735; x_wconf 89' lang='lat' dir='ltr'>titulum</span> <span class='ocrx_word' id='word_1_145' title='bbox 867 2671 930 2752; x_wconf 83' lang='lat' dir='ltr'>jem</span> <span class='ocrx_word' id='word_1_146' title='bbox 956 2669 1058 2735; x_wconf 81' lang='lat' dir='ltr'>stetim</span> <span class='ocrx_word' id='word_1_147' title='bbox 1081 2681 1225 2737; x_wconf 78' lang='lat' dir='ltr'>mortuos</span> 
     </span>
     <span class='ocr_line' id='line_1_20' title="bbox 199 2770 1224 2853; baseline 0.003 -21"><span class='ocrx_word' id='word_1_148' title='bbox 199 2770 339 2839; x_wconf 75' lang='lat' dir='ltr'>excitare</span> <span class='ocrx_word' id='word_1_149' title='bbox 359 2793 393 2835; x_wconf 86' lang='lat' dir='ltr'>se</span> <span class='ocrx_word' id='word_1_150' title='bbox 413 2789 509 2852; x_wconf 87' lang='lat' dir='ltr'>posse</span> <span class='ocrx_word' id='word_1_151' title='bbox 533 2773 740 2853; x_wconf 82' lang='lat' dir='ltr'>profitentur,</span> <span class='ocrx_word' id='word_1_152' title='bbox 763 2783 795 2834; x_wconf 89' lang='lat' dir='ltr'>et</span> <span class='ocrx_word' id='word_1_153' title='bbox 813 2771 942 2852; x_wconf 83' lang='lat' dir='ltr'>sepultis</span> <span class='ocrx_word' id='word_1_154' title='bbox 965 2770 1059 2834; x_wconf 84' lang='lat' dir='ltr'>vitum</span> <span class='ocrx_word' id='word_1_155' title='bbox 1077 2773 1224 2847; x_wconf 79' lang='lat' dir='ltr'>reddere,</span> 
     </span>
     <span class='ocr_line' id='line_1_21' title="bbox 198 2866 1225 2953; baseline 0.003 -21"><span class='ocrx_word' id='word_1_156' title='bbox 198 2890 309 2935; x_wconf 77' lang='lat' dir='ltr'>verum</span> <span class='ocrx_word' id='word_1_157' title='bbox 327 2872 368 2935; x_wconf 85' lang='lat' dir='ltr'>ed</span> <span class='ocrx_word' id='word_1_158' title='bbox 387 2866 469 2937; x_wconf 84' lang='lat' dir='ltr'>dtios</span> <span class='ocrx_word' id='word_1_159' title='bbox 488 2869 560 2936; x_wconf 86' lang='lat' dir='ltr'>ilios</span> <span class='ocrx_word' id='word_1_160' title='bbox 581 2873 676 2953; x_wconf 85' lang='lat' dir='ltr'>io&#39;nge</span> <span class='ocrx_word' id='word_1_161' title='bbox 694 2873 884 2953; x_wconf 81' lang='lat' dir='ltr'>superbene</span> <span class='ocrx_word' id='word_1_162' title='bbox 903 2873 1091 2936; x_wconf 85' lang='lat' dir='ltr'>constitutos</span> <span class='ocrx_word' id='word_1_163' title='bbox 1106 2883 1225 2937; x_wconf 85' lang='lat' dir='ltr'>sortem</span> 
     </span>
     <span class='ocr_line' id='line_1_22' title="bbox 197 2969 1225 3055; baseline 0.003 -22"><span class='ocrx_word' id='word_1_164' title='bbox 197 2969 309 3033; x_wconf 83' lang='lat' dir='ltr'>redeo.</span> <span class='ocrx_word' id='word_1_165' title='bbox 347 2972 493 3055; x_wconf 79' lang='lat' dir='ltr'>Quorum</span> <span class='ocrx_word' id='word_1_166' title='bbox 513 2970 565 3036; x_wconf 91' lang='lat' dir='ltr'>bic</span> <span class='ocrx_word' id='word_1_167' title='bbox 583 2974 727 3055; x_wconf 89' lang='lat' dir='ltr'>poscenti</span> <span class='ocrx_word' id='word_1_168' title='bbox 746 2973 820 3038; x_wconf 91' lang='lat' dir='ltr'>mibi</span> <span class='ocrx_word' id='word_1_169' title='bbox 844 2994 929 3035; x_wconf 80' lang='lat' dir='ltr'>enno</span> <span class='ocrx_word' id='word_1_170' title='bbox 949 2972 1108 3053; x_wconf 87' lang='lat' dir='ltr'>superiori</span> <span class='ocrx_word' id='word_1_171' title='bbox 1126 2973 1225 3036; x_wconf 86' lang='lat' dir='ltr'>medi·</span> 
     </span>
     <span class='ocr_line' id='line_1_23' title="bbox 197 3070 1224 3156; baseline 0.002 -23"><span class='ocrx_word' id='word_1_172' title='bbox 197 3070 300 3135; x_wconf 87' lang='lat' dir='ltr'>cinsm</span> <span class='ocrx_word' id='word_1_173' title='bbox 319 3092 385 3156; x_wconf 84' lang='lat' dir='ltr'>quo</span> <span class='ocrx_word' id='word_1_174' title='bbox 404 3074 509 3137; x_wconf 85' lang='lat' dir='ltr'>sivum</span> <span class='ocrx_word' id='word_1_175' title='bbox 525 3092 756 3154; x_wconf 68' lang='lat' dir='ltr'>expurgarent,</span> <span class='ocrx_word' id='word_1_176' title='bbox 778 3072 845 3135; x_wconf 86' lang='lat' dir='ltr'>noli</span> <span class='ocrx_word' id='word_1_177' title='bbox 863 3072 966 3155; x_wconf 86' lang='lat' dir='ltr'>inquit</span> <span class='ocrx_word' id='word_1_178' title='bbox 984 3075 1042 3135; x_wconf 83' lang='lat' dir='ltr'>hoc</span> <span class='ocrx_word' id='word_1_179' title='bbox 1064 3083 1170 3149; x_wconf 76' lang='lat' dir='ltr'>etate,</span> <span class='ocrx_word' id='word_1_180' title='bbox 1191 3073 1224 3135; x_wconf 92' lang='lat' dir='ltr'>in</span> 
     </span>
     <span class='ocr_line' id='line_1_24' title="bbox 197 3172 1224 3257; baseline 0.002 -22"><span class='ocrx_word' id='word_1_181' title='bbox 197 3193 261 3257; x_wconf 80' lang='lat' dir='ltr'>qus</span> <span class='ocrx_word' id='word_1_182' title='bbox 279 3183 421 3237; x_wconf 72' lang='lat' dir='ltr'>staturam</span> <span class='ocrx_word' id='word_1_183' title='bbox 439 3174 564 3237; x_wconf 87' lang='lat' dir='ltr'>efficere</span> <span class='ocrx_word' id='word_1_184' title='bbox 584 3173 697 3237; x_wconf 83' lang='lat' dir='ltr'>metius</span> <span class='ocrx_word' id='word_1_185' title='bbox 715 3174 820 3237; x_wconf 86' lang='lat' dir='ltr'>omnis</span> <span class='ocrx_word' id='word_1_186' title='bbox 838 3172 871 3235; x_wconf 91' lang='lat' dir='ltr'>in</span> <span class='ocrx_word' id='word_1_187' title='bbox 890 3173 1024 3252; x_wconf 88' lang='lat' dir='ltr'>proclivi</span> <span class='ocrx_word' id='word_1_188' title='bbox 1042 3186 1108 3249; x_wconf 88' lang='lat' dir='ltr'>est,</span> <span class='ocrx_word' id='word_1_189' title='bbox 1127 3194 1224 3237; x_wconf 80' lang='lat' dir='ltr'>vene-</span> 
     </span>
     <span class='ocr_line' id='line_1_25' title="bbox 196 3271 1223 3349; baseline 0.004 -14"><span class='ocrx_word' id='word_1_190' title='bbox 196 3272 246 3336; x_wconf 87' lang='lat' dir='ltr'>nis</span> <span class='ocrx_word' id='word_1_191' title='bbox 272 3271 442 3339; x_wconf 71' lang='lat' dir='ltr'>dilacerare</span> <span class='ocrx_word' id='word_1_192' title='bbox 471 3275 683 3349; x_wconf 79' lang='lat' dir='ltr'>stomachum,</span> <span class='ocrx_word' id='word_1_193' title='bbox 720 3273 771 3337; x_wconf 85' lang='lat' dir='ltr'>iile</span> <span class='ocrx_word' id='word_1_194' title='bbox 797 3285 833 3336; x_wconf 92' lang='lat' dir='ltr'>ut</span> <span class='ocrx_word' id='word_1_195' title='bbox 859 3273 1063 3337; x_wconf 76' lang='lat' dir='ltr'>infundendis</span> <span class='ocrx_word' id='word_1_196' title='bbox 1087 3274 1223 3339; x_wconf 82' lang='lat' dir='ltr'>medict-</span> 
     </span>
     <span class='ocr_line' id='line_1_26' title="bbox 197 3369 1223 3458; baseline 0.002 -23"><span class='ocrx_word' id='word_1_197' title='bbox 197 3371 310 3435; x_wconf 85' lang='lat' dir='ltr'>nentis</span> <span class='ocrx_word' id='word_1_198' title='bbox 323 3369 523 3453; x_wconf 77' lang='lat' dir='ltr'>parcissimus</span> <span class='ocrx_word' id='word_1_199' title='bbox 537 3384 602 3449; x_wconf 87' lang='lat' dir='ltr'>est,</span> <span class='ocrx_word' id='word_1_200' title='bbox 617 3375 659 3436; x_wconf 79' lang='lat' dir='ltr'>ita</span> <span class='ocrx_word' id='word_1_201' title='bbox 670 3374 731 3439; x_wconf 87' lang='lat' dir='ltr'>sub</span> <span class='ocrx_word' id='word_1_202' title='bbox 747 3373 968 3458; x_wconf 82' lang='lat' dir='ltr'>rigidissimum</span> <span class='ocrx_word' id='word_1_203' title='bbox 979 3373 1070 3439; x_wconf 78' lang='lat' dir='ltr'>dietae</span> <span class='ocrx_word' id='word_1_204' title='bbox 1083 3376 1223 3456; x_wconf 78' lang='lat' dir='ltr'>regulam</span> 
     </span>
     <span class='ocr_line' id='line_1_27' title="bbox 197 3467 1223 3559; baseline 0.004 -24"><span class='ocrx_word' id='word_1_205' title='bbox 197 3470 308 3553; x_wconf 83' lang='lat' dir='ltr'>cogit,</span> <span class='ocrx_word' id='word_1_206' title='bbox 338 3467 456 3557; x_wconf 85' lang='lat' dir='ltr'>quibus</span> <span class='ocrx_word' id='word_1_207' title='bbox 481 3472 630 3549; x_wconf 15' lang='lat' dir='ltr'>medetur,</span> <span class='ocrx_word' id='word_1_208' title='bbox 656 3494 768 3558; x_wconf 76' lang='lat' dir='ltr'>egros.</span> <span class='ocrx_word' id='word_1_209' title='bbox 806 3475 1021 3556; x_wconf 79' lang='lat' dir='ltr'>Quamobrem</span> <span class='ocrx_word' id='word_1_210' title='bbox 1055 3476 1223 3559; x_wconf 80' lang='lat' dir='ltr'>quemdem</span> 
     </span>
     <span class='ocr_line' id='line_1_28' title="bbox 195 3571 1222 3659; baseline 0 -22"><span class='ocrx_word' id='word_1_211' title='bbox 195 3572 348 3651; x_wconf 71' lang='lat' dir='ltr'>Augustis</span> <span class='ocrx_word' id='word_1_212' title='bbox 378 3571 552 3637; x_wconf 80' lang='lat' dir='ltr'>curandum</span> <span class='ocrx_word' id='word_1_213' title='bbox 578 3575 637 3637; x_wconf 79' lang='lat' dir='ltr'>hac</span> <span class='ocrx_word' id='word_1_214' title='bbox 665 3573 717 3635; x_wconf 82' lang='lat' dir='ltr'>vin</span> <span class='ocrx_word' id='word_1_215' title='bbox 744 3593 817 3641; x_wconf 87' lang='lat' dir='ltr'>cum</span> <span class='ocrx_word' id='word_1_216' title='bbox 843 3575 1018 3654; x_wconf 79' lang='lat' dir='ltr'>acciperet,</span> <span class='ocrx_word' id='word_1_217' title='bbox 1052 3586 1147 3659; x_wconf 81' lang='lat' dir='ltr'>utque</span> <span class='ocrx_word' id='word_1_218' title='bbox 1169 3575 1222 3637; x_wconf 87' lang='lat' dir='ltr'>ilie</span> 
     </span>
     <span class='ocr_line' id='line_1_29' title="bbox 195 3670 1221 3756; baseline 0.005 -23"><span class='ocrx_word' id='word_1_219' title='bbox 195 3670 396 3755; x_wconf 69' lang='lat' dir='ltr'>prediceret,</span> <span class='ocrx_word' id='word_1_220' title='bbox 425 3672 548 3749; x_wconf 83' lang='lat' dir='ltr'>vereri,</span> <span class='ocrx_word' id='word_1_221' title='bbox 569 3695 611 3737; x_wconf 91' lang='lat' dir='ltr'>ne</span> <span class='ocrx_word' id='word_1_222' title='bbox 629 3675 712 3737; x_wconf 79' lang='lat' dir='ltr'>houd</span> <span class='ocrx_word' id='word_1_223' title='bbox 732 3685 841 3756; x_wconf 87' lang='lat' dir='ltr'>posset</span> <span class='ocrx_word' id='word_1_224' title='bbox 859 3678 877 3737; x_wconf 74' lang='grc' dir='ltr'>ὲ</span> <span class='ocrx_word' id='word_1_225' title='bbox 892 3677 1038 3743; x_wconf 81' lang='lat' dir='ltr'>venereis</span> <span class='ocrx_word' id='word_1_226' title='bbox 1057 3674 1221 3739; x_wconf 88' lang='lat' dir='ltr'>continere</span> 
     </span>
     <span class='ocr_line' id='line_1_30' title="bbox 196 3771 1220 3860; baseline 0.003 -25"><span class='ocrx_word' id='word_1_227' title='bbox 196 3790 242 3847; x_wconf 83' lang='lat' dir='ltr'>se,</span> <span class='ocrx_word' id='word_1_228' title='bbox 261 3773 392 3855; x_wconf 88' lang='lat' dir='ltr'>queudo</span> <span class='ocrx_word' id='word_1_229' title='bbox 405 3771 501 3853; x_wconf 80' lang='lat' dir='ltr'>igitur</span> <span class='ocrx_word' id='word_1_230' title='bbox 513 3772 596 3836; x_wconf 90' lang='lat' dir='ltr'>mori</span> <span class='ocrx_word' id='word_1_231' title='bbox 613 3774 784 3837; x_wconf 84' lang='lat' dir='ltr'>decrevisti</span> <span class='ocrx_word' id='word_1_232' title='bbox 802 3773 859 3851; x_wconf 85' lang='lat' dir='ltr'>uit,</span> <span class='ocrx_word' id='word_1_233' title='bbox 881 3797 947 3841; x_wconf 93' lang='lat' dir='ltr'>non</span> <span class='ocrx_word' id='word_1_234' title='bbox 963 3799 1014 3842; x_wconf 85' lang='lat' dir='ltr'>sne</span> <span class='ocrx_word' id='word_1_235' title='bbox 1033 3777 1157 3860; x_wconf 86' lang='lat' dir='ltr'>indiges</span> <span class='ocrx_word' id='word_1_236' title='bbox 1176 3774 1220 3839; x_wconf 89' lang='lat' dir='ltr'>ibi</span> 
     </span>
     <span class='ocr_line' id='line_1_31' title="bbox 195 3869 1221 3959; baseline 0.005 -24"><span class='ocrx_word' id='word_1_237' title='bbox 195 3869 365 3951; x_wconf 75' lang='lat' dir='ltr'>adjutore,</span> <span class='ocrx_word' id='word_1_238' title='bbox 402 3872 628 3957; x_wconf 85' lang='lat' dir='ltr'>dimissumque</span> <span class='ocrx_word' id='word_1_239' title='bbox 652 3874 811 3943; x_wconf 85' lang='lat' dir='ltr'>bominem</span> <span class='ocrx_word' id='word_1_240' title='bbox 839 3887 875 3941; x_wconf 88' lang='lat' dir='ltr'>ut</span> <span class='ocrx_word' id='word_1_241' title='bbox 899 3878 1221 3959; x_wconf 84' lang='lat' dir='ltr'>intemperantiorem,</span> 
     </span>
     <span class='ocr_line' id='line_1_32' title="bbox 195 3969 1222 4060; baseline 0.006 -25"><span class='ocrx_word' id='word_1_242' title='bbox 195 3992 289 4056; x_wconf 80' lang='lat' dir='ltr'>quem</span> <span class='ocrx_word' id='word_1_243' title='bbox 307 3969 363 4054; x_wconf 88' lang='lat' dir='ltr'>qui</span> <span class='ocrx_word' id='word_1_244' title='bbox 375 3970 455 4036; x_wconf 79' lang='lat' dir='ltr'>intra</span> <span class='ocrx_word' id='word_1_245' title='bbox 471 3995 534 4037; x_wconf 76' lang='lat' dir='ltr'>suu</span> <span class='ocrx_word' id='word_1_246' title='bbox 550 3975 779 4057; x_wconf 71' lang='lat' dir='ltr'>proscriptioni</span> <span class='ocrx_word' id='word_1_247' title='bbox 793 3980 923 4043; x_wconf 88' lang='lat' dir='ltr'>modum</span> <span class='ocrx_word' id='word_1_248' title='bbox 933 3990 1043 4041; x_wconf 86' lang='lat' dir='ltr'>tenere</span> <span class='ocrx_word' id='word_1_249' title='bbox 1055 4000 1091 4041; x_wconf 90' lang='lat' dir='ltr'>se</span> <span class='ocrx_word' id='word_1_250' title='bbox 1101 3990 1222 4060; x_wconf 87' lang='lat' dir='ltr'>posset.</span> 
     </span>
     <span class='ocr_line' id='line_1_33' title="bbox 194 4072 1220 4158; baseline 0.002 -22"><span class='ocrx_word' id='word_1_251' title='bbox 194 4072 269 4136; x_wconf 83' lang='lat' dir='ltr'>Huc</span> <span class='ocrx_word' id='word_1_252' title='bbox 293 4072 375 4137; x_wconf 76' lang='lat' dir='ltr'>diros</span> <span class='ocrx_word' id='word_1_253' title='bbox 403 4075 507 4150; x_wconf 80' lang='lat' dir='ltr'>eddo,</span> <span class='ocrx_word' id='word_1_254' title='bbox 536 4076 717 4141; x_wconf 82' lang='lat' dir='ltr'>excelientis</span> <span class='ocrx_word' id='word_1_255' title='bbox 740 4089 774 4141; x_wconf 87' lang='lat' dir='ltr'>et</span> <span class='ocrx_word' id='word_1_256' title='bbox 797 4077 885 4158; x_wconf 81' lang='lat' dir='ltr'>ipsos</span> <span class='ocrx_word' id='word_1_257' title='bbox 912 4089 1016 4151; x_wconf 77' lang='lat' dir='ltr'>note,</span> <span class='ocrx_word' id='word_1_258' title='bbox 1047 4079 1220 4139; x_wconf 61' lang='lat' dir='ltr'>alterum&amp;</span> 
     </span>
     <span class='ocr_line' id='line_1_34' title="bbox 193 4172 1218 4259; baseline 0.001 -24"><span class='ocrx_word' id='word_1_259' title='bbox 193 4172 357 4237; x_wconf 87' lang='lat' dir='ltr'>medicinis</span> <span class='ocrx_word' id='word_1_260' title='bbox 369 4172 425 4237; x_wconf 88' lang='lat' dir='ltr'>tibi</span> <span class='ocrx_word' id='word_1_261' title='bbox 434 4172 589 4259; x_wconf 84' lang='lat' dir='ltr'>Princeps</span> <span class='ocrx_word' id='word_1_262' title='bbox 603 4177 677 4259; x_wconf 88' lang='lat' dir='ltr'>Opt.</span> <span class='ocrx_word' id='word_1_263' title='bbox 690 4183 839 4241; x_wconf 65' lang='lat' dir='ltr'>Athene?</span> <span class='ocrx_word' id='word_1_264' title='bbox 852 4176 1047 4258; x_wconf 76' lang='lat' dir='ltr'>Gregorium</span> <span class='ocrx_word' id='word_1_265' title='bbox 1058 4175 1218 4257; x_wconf 86' lang='lat' dir='ltr'>Coppum,</span> 
     </span>
     <span class='ocr_line' id='line_1_35' title="bbox 67 4272 1218 4359; baseline 0.003 -26"><span class='ocrx_word' id='word_1_266' title='bbox 67 4352 72 4359; x_wconf 35' lang='grc' dir='ltr'>Ι</span> <span class='ocrx_word' id='word_1_267' title='bbox 195 4272 251 4354; x_wconf 88' lang='lat' dir='ltr'>qui</span> <span class='ocrx_word' id='word_1_268' title='bbox 269 4292 321 4338; x_wconf 80' lang='lat' dir='ltr'>mc</span> <span class='ocrx_word' id='word_1_269' title='bbox 339 4274 592 4342; x_wconf 82' lang='lat' dir='ltr'>conscribentem</span> <span class='ocrx_word' id='word_1_270' title='bbox 609 4278 694 4343; x_wconf 83' lang='lat' dir='ltr'>baud</span> <span class='ocrx_word' id='word_1_271' title='bbox 713 4296 824 4358; x_wconf 83' lang='lat' dir='ltr'>perum</span> <span class='ocrx_word' id='word_1_272' title='bbox 841 4273 941 4358; x_wconf 82' lang='lat' dir='ltr'>juvit,</span> <span class='ocrx_word' id='word_1_273' title='bbox 958 4276 1090 4341; x_wconf 77' lang='lat' dir='ltr'>alterum</span> <span class='ocrx_word' id='word_1_274' title='bbox 1107 4273 1140 4338; x_wconf 88' lang='lat' dir='ltr'>in</span> <span class='ocrx_word' id='word_1_275' title='bbox 1155 4276 1218 4339; x_wconf 78' lang='lat' dir='ltr'>Ar·</span> 
     </span>
     <span class='ocr_line' id='line_1_36' title="bbox 129 4371 1220 4469; baseline 0.007 -37"><span class='ocrx_word' id='word_1_276' title='bbox 129 4423 132 4428; x_wconf 95' lang='lat'><em>.</em></span> <span class='ocrx_word' id='word_1_277' title='bbox 194 4371 388 4458; x_wconf 85' lang='lat' dir='ltr'>chiepiseopi</span> <span class='ocrx_word' id='word_1_278' title='bbox 407 4372 610 4441; x_wconf 75' lang='lat' dir='ltr'>cotoniensis</span> <span class='ocrx_word' id='word_1_279' title='bbox 630 4376 801 4469; x_wconf 80' lang='lat' dir='ltr'>degentem</span> <span class='ocrx_word' id='word_1_280' title='bbox 818 4377 909 4453; x_wconf 72' lang='lat' dir='ltr'>sut«,</span> <span class='ocrx_word' id='word_1_281' title='bbox 939 4372 1096 4441; x_wconf 84' lang='lat' dir='ltr'>Jscobum</span> <span class='ocrx_word' id='word_1_282' title='bbox 1121 4376 1220 4441; x_wconf 84' lang='lat' dir='ltr'>Ebel-</span> 
     </span>
    </p>
   </div>
   <div class='ocr_carea' id='block_1_3' title="bbox 0 0 1320 5086">
    <p class='ocr_par' dir='ltr' id='par_1_3' title="bbox 0 0 1320 5086">
     <span class='ocr_line' id='line_1_37' title="bbox 0 0 1320 5086; baseline 0 5"><span class='ocrx_word' id='word_1_283' title='bbox 0 0 1320 5086; x_wconf 95' lang='lat' dir='ltr'> </span> 
     </span>
    </p>
   </div>
  </div>
 </body>
</html>
