2632 5086
221 793 291 869 llo
390 791 451 863 De
477 787 627 860 Unitate
652 784 795 861 Ecclee.
822 783 1078 859 conservanda

221 997 303 1049 etum
321 983 525 1063 profitentur.
562 980 637 1041 Non
661 974 829 1039 ferendum
847 987 895 1039 est
913 975 1011 1057 igitur
1031 989 1247 1057 pro-evange-

222 1085 280 1148 lica
303 1082 455 1157 veritate,
487 1093 519 1143 et
540 1079 656 1142 Christi
677 1078 821 1141 doctrina
847 1078 955 1139 inanes
980 1071 1118 1151 fabulas,
1145 1077 1248 1139 honri·

223 1203 298 1247 uum
321 1184 478 1257 mandata,
505 1178 585 1243 lucri
599 1206 601 1211 ⁸
617 1179 804 1261 plerumque
823 1197 916 1238 causa
937 1172 977 1238 ab
1004 1174 1042 1238 iis
1070 1188 1250 1243 commenta

223 1286 373 1366 supponi,
400 1282 459 1345 red
487 1280 667 1343 revocanda
698 1278 738 1341 ab
767 1277 928 1352 obscuro,
962 1288 994 1338 et
1017 1276 1152 1339 latibulis
1182 1277 1249 1346 suis

222 1385 338 1450 veritas
359 1393 428 1458 est,
458 1396 490 1443 et
514 1376 698 1442 inculcanda
722 1378 828 1467 denuo
848 1376 1010 1440 hominum
1030 1378 1182 1454 auribus,
1212 1399 1250 1439 ac

222 1483 427 1567 imprimenda
466 1479 621 1550 sensibus.
670 1478 780 1562 ignem
809 1478 883 1540 reni
909 1476 1033 1540 mittere
1059 1478 1090 1538 in
1120 1488 1251 1576 terram,

222 1584 366 1652 Christus
387 1582 449 1658 ait,
469 1592 501 1642 et
520 1580 598 1664 quid
616 1580 711 1656 volo,
731 1578 790 1640 nisi
808 1589 843 1639 ut
861 1578 1072 1641 accendatur?
1093 1574 1251 1640 Profecto

223 1684 359 1770 ingentis
377 1678 481 1747 meriti
503 1695 572 1757 est,
592 1681 757 1743 veritatem
777 1677 963 1760 predicare,
987 1679 1076 1740 Deus
1097 1691 1144 1739 est
1165 1679 1253 1742 enim

223 1786 360 1860 veritas,
387 1793 420 1846 et
448 1781 610 1862 praedicari
641 1802 676 1844 se
701 1779 808 1860 jubet,
841 1779 900 1855 iis,
937 1781 998 1841 hoc
1028 1782 1082 1861 qui
1108 1779 1251 1855 faciunt,

82 1952 88 1965 ,
122 1938 126 1945 .
221 1887 383 1972 premium
403 1893 554 1946 statuens.
593 1883 782 1963 Quicunque
801 1880 967 1942 confessus
992 1878 1087 1942 luerit
1106 1900 1175 1954 me,
1200 1881 1251 1941 in·

13 2028 58 2071 μ,
222 1987 308 2072 quit,
338 2004 446 2047 coram
472 1982 673 2058 hominibus,
707 1993 740 2044 et
767 1978 849 2042 filius
881 1979 1016 2042 hominis
1045 1980 1251 2043 confitebitur

220 2088 307 2151 illum
326 2101 434 2147 coram
454 2082 573 2166 augelis
593 2082 666 2143 Dei.
705 2082 746 2141 Et
766 2100 783 2140 a
801 2090 890 2161 patre
910 2078 956 2141 sie
976 2091 1060 2141 orat:
1083 2081 1252 2144 Sanctifica

221 2187 333 2250 cosin
359 2186 501 2245 veritate.
549 2184 749 2263 Quamquam
774 2190 842 2242 erat
867 2180 959 2242 civile
987 2181 1251 2265 alioqui'lactum

220 2305 346 2359 meum,
377 2294 410 2344 et
428 2280 683 2345 remuneratione
713 2279 764 2342 hic
788 2300 921 2362 quoque
940 2279 1082 2362 dignum.
1120 2282 1200 2344 Nam
1222 2284 1251 2346 si

219 2384 303 2451 bene
330 2396 510 2456 merentur,
544 2380 599 2463 qui
625 2366 740 2442 alienas
766 2401 898 2463 quoque
934 2392 1043 2461 genter
1066 2402 1084 2441 a
1104 2382 1246 2458 tyrannis

222 2486 373 2564 liberunt,
401 2503 458 2546 eos
482 2484 518 2544 ut
539 2475 740 2570 habebimus,
761 2479 816 2560 qui
836 2480 965 2560 patriam
984 2480 1128 2543 adserunt
1149 2479 1247 2544 liber·-

223 2578 343 2643 tatem?
381 2581 480 2643 Nimis
510 2581 573 2661 jam
600 2582 701 2655 enim,
725 2578 836 2655 nimis,
868 2582 950 2659 proh
976 2579 1117 2643 Christe!
1146 2580 1250 2644 licere

222 2679 273 2743 ieri
305 2680 366 2742 sibi
395 2676 585 2743 arbitramur
614 2679 648 2742 in
673 2697 753 2754 uos,
788 2701 926 2762 qnorum
951 2680 992 2742 de
1016 2678 1178 2756 libertate,
1208 2704 1250 2744 ne

223 2776 351 2860 quando
372 2792 546 2864 remergat,
573 2780 655 2842 adeo
674 2790 749 2842 eunt
769 2777 914 2855 solliciti,
940 2791 976 2841 nt
995 2778 1089 2843 nobis
1108 2779 1252 2844 veritatis

222 2895 355 2960 quoque
383 2880 520 2942 sordium
540 2880 736 2943 interdicant.
775 2880 863 2969 Quot
888 2877 949 2959 jam
971 2878 1071 2943 annue
1096 2878 1182 2943 enim
1201 2892 1251 2943 tu·

221 2977 326 3039 lerunt
344 2979 522 3057 neminem,
550 2979 605 3063 qui
633 3001 743 3041 verum
773 2978 880 3042 dicere
911 2990 962 3043 aut
988 2979 1129 3056 scribere
1156 3001 1249 3043 ausus

222 3076 328 3139 esset?
353 3079 448 3165 immo
474 3090 555 3164 quot
579 3079 805 3160 perdiderunt,
838 3078 893 3162 qui
921 3077 1049 3159 majorie
1075 3079 1252 3144 taciendam

222 3177 372 3258 putabant
398 3181 610 3261 evangelicam
640 3179 844 3260 scripturam,
878 3179 940 3241 Dei
971 3180 1126 3255 verbum,
1157 3202 1252 3264 quom
1285 3186 1288 3191 ’

223 3276 410 3356 pontificum
427 3280 533 3361 leges,
559 3278 721 3340 hominum
741 3277 945 3341 traditiones?
973 3300 1112 3361 quorum
1130 3281 1251 3365 alioqui

223 3377 387 3455 proxime,
408 3380 466 3440 etsi
489 3398 556 3439 non
573 3377 693 3454 minus,
715 3398 808 3460 quam
828 3399 914 3462 ego,
935 3381 1068 3459 seirent,
1089 3400 1161 3462 que
1175 3403 1254 3444 vera·

223 3489 311 3552 runt,
341 3475 416 3559 quia
439 3477 523 3557 apud
542 3497 599 3538 cos
625 3493 725 3539 tamen
751 3482 821 3557 plns
841 3479 996 3561 religione
1023 3479 1122 3542 valuit
1138 3503 1253 3565 euper-

223 3574 337 3638 etitio?
364 3575 426 3636 illic
455 3575 691 3653 trepidaverunt
716 3578 848 3654 timore,
879 3576 934 3640 ubi
962 3601 1028 3641 non
1057 3590 1124 3643 erat
1145 3581 1253 3647 timor.

224 3677 304 3755 Qnae
325 3695 425 3757 quum
442 3695 461 3735 a
479 3695 529 3736 me
549 3674 731 3757 longissime
751 3677 830 3738 absit
856 3676 1066 3755 imbecillitas,
1087 3692 1120 3741 et
1140 3703 1180 3745 ea
1202 3703 1253 3745 re-

224 3773 438 3855 prehendam,
472 3794 541 3857 quae
565 3776 686 3858 corrigi
709 3787 862 3856 possunt3
893 3779 1192 3863 occurrentiumque
1214 3782 1255 3844 sit

223 3866 285 3937 hoc
309 3872 506 3952 potissimum
538 3891 704 3954 ternpore,
741 3876 771 3938 ei
800 3898 941 3958 unquam
972 3877 1077 3959 prius,
1117 3881 1255 3959 publica

224 3970 364 4050 injuriae,
384 3983 416 4034 et
429 3994 542 4057 magna
556 3974 596 4035 sit
616 3975 784 4038 nunciato
805 3976 857 4038 isti
876 3978 1117 4058 opportunitas:
1141 3978 1184 4042 ita
1203 4002 1255 4044 ac·

224 4072 425 4134 celerandum
444 4073 478 4134 in
503 4094 539 4135 re
558 4066 723 4139 arbitratus
741 4098 828 4153 sum,
848 4089 899 4155 ut,
921 4078 995 4160 quia
1015 4078 1136 4143 diutius
1155 4082 1256 4157 abest,

226 4191 320 4254 quam
333 4173 505 4234 multorum
521 4175 715 4254 exspectatio
732 4175 831 4253 ierat,
851 4192 924 4240 tuus
943 4178 1058 4255 irater,
1079 4180 1139 4243 tibi
1156 4184 1259 4246 incul-

226 4272 304 4335 cand
338 4270 464 4335 interim
481 4274 623 4354 quedam
640 4274 831 4352 existimem,
851 4299 919 4360 quae
940 4289 974 4340 tu
989 4300 1061 4341 cum
1073 4283 1128 4342 illo
1145 4295 1258 4361 postea

226 4292 450 4447 eumdem.
487 4373 584 4455 Quod
601 4395 700 4458 quum
719 4376 848 4438 minime
874 4377 975 4442 adhuc
1001 4381 1179 4464 cogitarem
1199 4406 1261 4449 nu·
