2632 5086
197 768 257 835 132
488 760 542 835 td
567 760 595 833 F
596 761 752 834 runcise.
778 760 921 863 Regem

188 974 223 1014 ac
241 952 433 1037 flagitiorum
453 954 600 1028 nomine,
626 952 755 1036 publico
779 953 872 1017 etiam
890 952 1029 1034 judicio,
1048 954 1217 1017 convietus

187 1064 244 1115 est.
281 1056 413 1115 Etcum
435 1056 496 1117 troc
514 1065 657 1117 monstro
676 1054 794 1136 aliquid
816 1055 871 1116 tibi
892 1076 1076 1128 commune,
1097 1058 1218 1119 nedum

185 1153 288 1217 fredus
314 1166 346 1215 et
376 1157 541 1217 amicitiam
565 1176 635 1217 esse
662 1154 790 1219 velles?
828 1156 880 1218 Dii
910 1156 1021 1218 meiius
1050 1177 1147 1237 quam
1171 1157 1219 1217 sic

186 1267 276 1317 extra
295 1268 326 1317 te
342 1256 465 1337 positus
484 1277 624 1337 unquam
643 1256 697 1318 sis.
740 1256 826 1336 Quin
847 1256 941 1319 etiam
959 1277 1025 1317 nou
1041 1258 1081 1318 ad
1100 1258 1163 1319 hoc
1183 1256 1218 1319 in

185 1357 287 1417 soeclns
314 1366 345 1416 tc
372 1367 481 1430 vocat,
517 1358 607 1439 quod
628 1355 857 1418 beneficiorum
878 1357 960 1420 inter
981 1377 1039 1420 vos
1057 1359 1121 1419 ulta
1144 1377 1226 1420 esse‘

186 1455 371 1518 vicissitudo
399 1456 516 1536 possit,
547 1456 605 1519 sed
627 1467 663 1519 ut
694 1467 753 1517 tuae
780 1456 928 1537 potentiae
960 1456 1108 1531 obtento,
1144 1479 1214 1541 qnae

185 1555 321 1617 nefanda
347 1558 444 1618 multa
468 1557 680 1636 perpetravit,
712 1577 823 1617 eorum
850 1557 1038 1638 supplicium
1067 1557 1216 1621 declinet.

186 1656 321 1737 Jamque
339 1658 440 1735 palam
457 1657 576 1718 Gallica
594 1658 688 1719 nobis
712 1677 796 1719 arma
813 1658 991 1731 minitatur,
1016 1670 1047 1719 et
1066 1670 1096 1718 te
1113 1658 1217 1720 cerri·

184 1756 273 1819 cibus
295 1755 412 1819 nostris
435 1757 660 1837 impositurum
679 1778 712 1819 se
732 1779 848 1837 magno
872 1778 944 1819 enm
962 1769 1087 1819 terrore
1109 1757 1216 1836 jacuit.

185 1857 283 1936 Quod
307 1856 419 1919 sinon
442 1859 549 1937 fingit,
581 1869 613 1920 et
639 1857 694 1920 ubs
720 1870 752 1918 te
774 1859 958 1938 promissam
984 1879 1078 1937 opem
1098 1868 1215 1921 certam

184 1957 295 2031 habet,
326 1968 448 2040 tuoque
471 1958 571 2021 fretus
599 1958 718 2021 auxilio
745 1958 838 2019 uobis
862 1959 1001 2033 resistet,
1034 1979 1215 2041 quanquam

184 2059 369 2138 persuaderi
397 2060 459 2120 hoc
483 2081 550 2119 nou
577 2080 728 2139 possum,
766 2069 868 2119 tamen
895 2058 922 2120 si
948 2058 1089 2121 obtineat
1121 2058 1215 2135 dico,

185 2157 286 2219 ricem
305 2169 390 2219 tuam
407 2179 465 2219 rex
482 2160 597 2233 doleo,
616 2160 772 2239 primum,
794 2160 869 2241 qnia
885 2160 1004 2240 regiam
1019 2156 1215 2237 majestatem

184 2255 300 2319 videbo
322 2259 352 2335 ⁵³)
393 2257 546 2337 impudici
583 2258 765 2321 scortatoris
801 2259 951 2321 sordibus
985 2258 1214 2325 contaminaris

182 2358 299 2421 deinde
333 2359 407 2441 qnia
438 2370 469 2419 te
503 2359 548 2419 sie
579 2358 710 2419 oblitmn
743 2358 806 2432 tui,
827 2360 876 2431 1¹³¹·'·)
912 2370 947 2419 nt
986 2358 1215 2441 iniquissimam

182 2459 429 2540 desperatissimi
456 2458 585 2521 latronis
609 2479 733 2520 cansam
764 2459 996 2521 didendendam
1019 2459 1212 2539 suscipiens,

182 2571 212 2621 te
236 2573 355 2642 tuaque
381 2561 486 2620 omnia
514 2560 546 2620 in
577 2572 719 2639 apertum
750 2559 917 2621 discrimen
947 2561 1095 2621 adducas.
1145 2559 1215 2623 Jam

181 2672 212 2721 te
232 2663 294 2721 lroc
315 2681 382 2721 non
408 2662 524 2724 coetabo
547 2659 650 2736 eninr,
683 2660 768 2722 rires
792 2680 862 2721 esse
888 2660 1000 2733 nobis,
1033 2680 1112 2741 quas
1140 2660 1212 2722 satis

180 2757 303 2831 suturas
333 2770 499 2837 putemus,
539 2781 605 2821 non
631 2770 750 2821 tantum
781 2760 820 2820 ad
855 2760 938 2819 hunc
969 2761 1212 2835 destruendum,

180 2879 293 2919 verum
310 2858 405 2920 etiam
424 2861 577 2923 adversus
600 2880 823 2944 quamcunque
841 2856 923 2919 illius
948 2858 1133 2922 societatem
1155 2880 1213 2923 nos

180 2959 430 3021 defmrdemlmn.
468 2960 613 3023 Proinde
633 2961 678 3023 sic
701 2959 806 3041 cogita
827 2979 902 3032 rex,
934 2959 1097 3039 provisum
1122 2960 1213 3023 nobis

180 3081 268 3135 esse,
301 3060 411 3144 siqua
433 3061 466 3123 in
488 3062 656 3124 adversum
683 3061 729 3123 ris
749 3064 894 3138 ingruat,
923 3059 1038 3142 quihus
1060 3061 1212 3139 presidiis

180 3162 448 3242 quemadmodum
472 3165 642 3226 nonsolnm
667 3185 726 3223 nos
751 3162 1015 3234 conmnmianms,
1047 3161 1104 3235 sed
1130 3184 1212 3245 quo·

179 3261 276 3320 modo
299 3259 443 3323 inimicos
470 3262 563 3324 etiarn
589 3264 791 3325 debellemus.
838 3264 947 3343 Atque
972 3263 1031 3322 troc
1056 3282 1128 3323 cum
1155 3262 1210 3323 tibi

180 3359 361 3439 praedicam,
394 3372 426 3422 et
450 3360 517 3441 ipsa
540 3363 633 3424 etiarn
658 3385 710 3425 res
734 3365 834 3443 palam
854 3360 953 3443 magis
978 3361 1033 3435 sit,
1062 3384 1158 3444 quam
1178 3372 1211 3423 nt

180 3472 211 3522 te
225 3460 340 3537 seruere
357 3462 472 3543 possit,
507 3463 584 3545 quid
601 3473 664 3527 est.
695 3485 752 3522 cnr
773 3463 828 3523 tibi
852 3463 1027 3542 pericnlum
1048 3482 1211 3525 accersere

181 3562 264 3622 ultro
282 3560 389 3624 velis?
413 3564 467 3625 An
488 3563 528 3625 ita
544 3574 627 3624 earet
650 3562 818 3621 Germania
837 3562 1034 3634 hominibus,
1055 3574 1109 3622 aut
1129 3563 1209 3625 adeo

179 3661 227 3722 hic
248 3683 358 3726 omnes
377 3662 544 3726 amicitiam
564 3671 771 3741 aspernantur
789 3674 887 3735 tuam,
910 3673 942 3721 nt
963 3663 1025 3736 ²¹²''‘²·')
1047 3662 1212 3724 t'oedissimi

178 3762 313 3826 hominis
351 3764 534 3826 societatem
570 3763 731 3824 admittere
750 3764 835 3835 ξῑ”ῑ·“ῑ’“”)
878 3761 934 3822 riui
973 3782 1102 3825 necesse
1145 3762 1210 3825 sit?

179 3846 359 3927 Clarissimo
380 3884 459 3937 rex,
481 3863 599 3943 optime
615 3863 783 3944 princeps,
805 3862 871 3922 noli
886 3861 999 3923 samam
1020 3862 1110 3942 prius
1127 3874 1211 3926 tuam

179 3964 391 4043 pessundare,
414 3964 530 4025 deinde
544 3975 576 4024 te
592 3964 687 4026 etiam
701 3983 901 4044 regnumque
918 3974 1005 4024 tuum
1021 3962 1052 4023 in
1069 3985 1209 4046 prreeeps

179 4083 251 4123 cnm
270 4063 461 4138 obduxeris,
491 4063 597 4124 subito
625 4062 725 4144 lapsui
751 4062 928 4125 obnoxium
951 4064 1069 4125 i'acere.
1108 4065 1209 4148 ldqne

216 4292 243 4349 ⁸)
260 4300 365 4346 ridebo:
383 4301 462 4348 video.
499 4295 542 4363 **)
560 4305 620 4348 nach
639 4305 687 4350 tni:
717 4305 802 4350 ridebo
822 4304 970 4360 durctrrsstr.
1006 4295 1145 4360 “Unach
1168 4310 1207 4349 nt:

213 4386 245 4428 ed
262 4384 409 4441 durrhgestr.
446 4378 522 4447 W)
542 4392 696 4436 admittere:
716 4391 854 4446 confugere.
