2632 5086
462 733 634 812 Misaulus
667 738 850 838 Dialogus.

543 928 754 995 lllisaulus.

267 1020 323 1085 lan
339 1046 495 1105 cynnama,
522 1048 670 1106 crocum,
699 1031 808 1114 piper,
839 1045 870 1097 et
893 1035 1013 1119 reliqua
1031 1038 1155 1100 exotica

203 1119 325 1184 iamim
341 1125 460 1190 irrvexit.
972 1146 975 1151 ·

574 1228 727 1295 Castus.

244 1314 342 1399 imni,
365 1327 478 1401 credo,
505 1350 608 1392 mores
637 1331 803 1407 emollivit,
830 1352 866 1393 ae
884 1333 958 1395 illud
979 1353 1055 1396 vere
1074 1334 1153 1397 Ger·

178 1440 281 1486 mum
295 1425 387 1486 robur
406 1441 587 1490 enervatum
605 1431 765 1492 reddidit?

547 1529 586 1589 M
593 1528 756 1591 isaulus.

230 1620 277 1682 Sic
295 1636 347 1685 est.
386 1628 512 1705 eranto
539 1629 699 1690 decentius
723 1629 804 1689 enim
827 1631 918 1709 primi
943 1631 985 1694 illi
1005 1629 1152 1693 Germani

159 1720 287 1784 teramnr
313 1724 443 1804 pellibus
470 1726 594 1788 amicire
622 1749 756 1808 corpora
782 1731 939 1803 solebant,
969 1752 1040 1791 eum
1059 1735 1153 1792 multa

157 1820 272 1884 interim
305 1834 430 1886 mentre
462 1824 615 1900 lacerent,
656 1833 748 1910 quam
778 1849 837 1889 nos
866 1827 910 1888 sic
938 1829 1069 1908 compti,
1110 1829 1154 1889 sie

156 1920 271 1994 ornati,
300 1923 381 1983 nulla
411 1922 491 1986 bella
520 1926 672 2006 gerimus,
705 1926 794 1988 nullis
820 1925 1030 2006 principibus,
1062 1927 1153 1990 nrdlis

154 2019 275 2099 regibus
307 2021 419 2104 jugum
455 2022 657 2103 imponimus,
696 2028 809 2087 niallam
839 2026 961 2088 laudem
994 2027 1151 2105 parimus,

149 2122 260 2183 nullam
293 2124 331 2184 ad
357 2135 501 2202 posteros
537 2126 666 2207 gloriam
698 2124 947 2196 transmittimus3
978 2123 1037 2186 nisi
1067 2125 1155 2206 quod

143 2221 287 2284 alacriter
320 2223 422 2301 plenis
460 2237 679 2288 concursantes
710 2225 851 2302 poculis,
893 2223 1040 2304 retrinque
1070 2223 1153 2286 vires

140 2320 404 2395 comminuimus,
424 2342 558 2404 corpora
577 2326 781 2397 ‹lelassamus‚
801 2322 927 2404 ingenia
947 2322 1115 2402 perdimus.

572 2423 729 2489 Castus.

220 2524 301 2603 Qum
320 2520 435 2597 audio,
458 2522 514 2583 sed
534 2528 650 2602 perge!

547 2625 759 2688 lllisaulus.

222 2721 342 2783 Proter
367 2722 433 2783 lnce
460 2721 492 2784 in
520 2721 616 2784 miros
643 2743 724 2802 saepe
749 2725 896 2802 scopulos
924 2723 1052 2805 impellit
1079 2743 1155 2786 eon·

148 2821 294 2886 suetudo.
339 2819 465 2898 Quippe
484 2824 650 2883 multorum
676 2821 838 2884 convictus
864 2823 897 2885 in
916 2826 986 2885 aula
1010 2845 1082 2884 cum
1099 2823 1155 2896 sit,

144 2922 181 2984 in
200 2919 334 3002 proclivi
352 2931 400 2980 est
419 2940 540 2982 morum
560 2923 752 2998 exemplum,
777 2922 864 3002 qrrod
885 2943 993 2985 omncs
1013 2923 1156 2994 trahunt,

146 3014 206 3077 sed
225 3015 267 3076 ita
285 3020 427 3091 nahtam,
452 3031 486 3081 ut
506 3021 605 3081 adlrue
633 3019 780 3092 viderim,
806 3019 951 3101 quicum
972 3017 1062 3079 bonis
1083 3038 1157 3078 eon-

146 3129 336 3192 sueverant,
363 3117 507 3180 meliores
533 3139 670 3197 pancos,
701 3117 868 3179 admodum
888 3120 1000 3178 multos
1019 3137 1076 3196 per
1095 3138 1158 3178 ma·

147 3216 253 3276 lorcam
295 3216 475 3278 convictum
512 3217 685 3279 deteriores
719 3216 829 3280 laetos.
882 3217 954 3277 lloc
990 3215 1182 3278 inducente.

147 3314 245 3387 natu,
275 3316 496 3377 adolescentuli
522 3317 553 3377 in
584 3319 681 3377 aculam
707 3316 800 3376 delati
826 3315 977 3395 primum,
1007 3327 1156 3402 pereunt,

151 3415 257 3474 omnis
277 3413 455 3475 innocentia
474 3415 640 3490 pessimum
660 3415 701 3489 it,
726 3416 842 3477 candor
861 3415 1050 3487 infuscatur,
1074 3412 1159 3475 bona

148 3514 276 3576 irrdoles
303 3514 524 3593 corrumpitur.
573 3519 678 3594 Quum
702 3513 801 3588 enirn,
832 3524 993 3593 nostrapte
1021 3513 1159 3595 alioquin

149 3626 264 3676 natura
280 3616 330 3689 ⁵²),
357 3615 389 3675 in
411 3614 539 3677 vetitum
552 3616 602 3688 ”l
620 3615 772 3688 nitamur,
798 3635 834 3675 ac
851 3624 963 3695 negata
982 3612 1160 3692 cupiamus,

153 3736 246 3796 pam
268 3713 360 3775 facile
376 3714 443 3789 us)
467 3714 499 3775 in
528 3716 595 3776 aula
614 3714 756 3776 iuvenire
777 3725 841 3788 est,
874 3733 939 3795 quo
967 3712 1066 3773 labem
1086 3732 1160 3771 con·

154 3816 327 3888 amamus,
355 3813 407 3875 alii
425 3813 458 3875 in
478 3816 609 3892 gulones
629 3825 659 3875 et
686 3824 815 3893 potores
841 3811 1030 3885 incidentes,
1061 3809 1110 3870 alii
1130 3810 1162 3870 in

151 3916 325 3988 aleatores,
363 3914 489 3995 quidam
523 3915 555 3975 in
590 3925 799 3988 scortatores,
833 3910 958 3996 plurimi
991 3909 1104 3990 passim
1131 3909 1165 3971 in

153 4024 367 4076 assentatores
391 4033 428 4075 ae
450 4013 552 4077 simias
577 4010 690 4078 ecdicos
709 4012 925 4095 impingentes.
963 4011 1107 4091 Quorum
1131 4007 1165 4070 in

156 4158 354 4174 *-

188 4243 220 4309 ’)
238 4259 371 4304 nostram
394 4253 503 4309 alloquin
526 4260 636 4299 notura·
665 4256 692 4298 nt
714 4251 807 4309 qnidam
823 4247 864 4295 alt.
910 4220 956 4306 ὦ)
973 4257 1067 4298 semper
1085 4240 1168 4288 durch-

188 4336 335 4391 restriehen.
372 4326 435 4395 Ψ)
453 4349 523 4394 quam
539 4340 637 4388 faetta:
659 4333 757 4382 abunde.
