2632 5086
576 728 752 827 Epistola.
945 739 950 751 ’
1134 740 1180 815 93

149 927 311 1006 productus
345 923 505 987 vindicet.
556 921 776 1004 conjurarunt
806 924 921 1006 inepti,
960 928 1075 989 nullam
1103 925 1180 991 mihi

151 1028 275 1108 posthac
298 1046 439 1108 operam
464 1023 698 1107 impertituros:
739 1025 773 1088 in
802 1037 921 1089 tantum
954 1050 1037 1111 aegre
1070 1028 1180 1090 lerunt

151 1128 228 1189 hanc
245 1126 426 1201 fictionem,
457 1125 555 1200 novi,
590 1124 706 1208 quibus
729 1128 912 1207 symposiis,
941 1128 996 1212 qui
1016 1130 1178 1205 homines,
1271 1158 1294 1207 ,-

154 1249 240 1311 quam
255 1228 398 1290 licenter
414 1236 526 1288 eontra
545 1225 705 1289 absentem
723 1227 840 1291 invecti
859 1230 931 1291 sint.
972 1228 1096 1309 Quibus
1116 1248 1179 1311 ego

151 1328 281 1391 medium
303 1327 446 1409 digitum
465 1328 622 1402 ostendo,
650 1327 695 1390 sic
712 1328 952 1410 insipientibus,
979 1341 1014 1391 ut
1034 1331 1066 1391 in
1084 1329 1179 1411 nugis

148 1431 330 1514 hagoediam
351 1441 457 1511 agant.
494 1432 546 1493 An
570 1441 605 1491 tu
629 1451 703 1493 sana
726 1441 831 1492 mente
860 1431 997 1513 aliquem
1020 1430 1180 1493 exish'mas

145 1533 200 1593 boc
217 1531 354 1594 moveri
378 1530 599 1613 nugamento?
631 1532 799 1593 Venerunt
825 1533 864 1592 ad
889 1551 958 1608 me,
989 1531 1045 1615 qui
1068 1543 1099 1592 et
1119 1530 1181 1612 ipsi

143 1632 296 1695 doctores
317 1642 411 1706 sunt,
448 1631 505 1694 sed
531 1632 714 1704 doctiores,
753 1652 846 1714 quam
878 1631 946 1705 isti,
984 1651 1066 1713 quos
1096 1631 1180 1707 dixi,
1226 1671 1229 1675 <

143 1753 175 1793 ac
193 1733 265 1794 risu
294 1753 390 1811 paene
410 1730 554 1810 diruptos
580 1753 614 1792 se
641 1733 674 1793 in
701 1730 835 1792 lectione
856 1730 997 1792 Neminie
1020 1730 1180 1791 dixerunt.

142 1834 213 1895 Sani
237 1833 311 1905 illi3
346 1852 382 1892 ac
411 1831 488 1894 nihil
513 1834 552 1894 ad
579 1853 614 1894 se
639 1833 799 1911 pertinere
820 1827 1020 1905 arbitrantes,
1055 1852 1124 1913 quae
1146 1830 1180 1892 in

142 1943 329 2012 temporum
350 1933 426 1994 vitia
447 1955 464 1995 a
490 1934 582 1994 nobis
613 1935 838 1996 (testamentus.
885 1932 937 1994 'l'n
962 1931 1031 1992 istie
1050 1931 1077 1992 si
1097 1950 1181 2014 quos

140 2035 270 2097 ridebis
304 2034 498 2113 implacatius
534 2034 645 2108 irasci,
688 2034 867 2109 intercede,
908 2034 1078 2113 deprecare
1112 2055 1180 2114 poe·

141 2157 213 2197 nam
229 2134 354 2195 misero
374 2134 459 2196 mihi.
498 2134 575 2210 Dic,
596 2134 761 2195 Neminem
781 2153 869 2208 esse,
889 2134 946 2215 qui
961 2134 1041 2193 hane
1053 2144 1182 2195 moveat

142 2235 361 2309 camerinam,
393 2237 454 2296 hoc
481 2245 624 2315 tangeret
641 2234 671 2309 *)
699 2235 858 2306 bidenta13
900 2233 978 2314 quid
1005 2234 1045 2294 ad
1066 2234 1181 2295 Hutte·

143 2356 241 2409 num,
275 2335 445 2417 inquiens,
476 2336 602 2399 Jasonis
622 2334 799 2397 auctoritati
818 2334 844 2395 si
864 2333 935 2415 quis
956 2335 1058 2395 Nemo
1080 2334 1181 2396 refra-
1240 2356 1243 2361 ·

148 2448 259 2517 gatus,
302 2446 357 2496 aut
381 2435 569 2498 Accursium
588 2434 741 2498 incessit?
780 2446 812 2496 et
839 2444 910 2495 ante
928 2433 1050 2496 Bartoli
1076 2434 1181 2514 sepul·

151 2537 258 2598 chrum
296 2537 323 2596 si
361 2535 450 2616 quis,
495 2535 580 2598 Nihil
613 2537 668 2618 qui
707 2549 773 2611 est,
812 2556 878 2597 non
917 2534 1180 2618 congenudaviti

145 2638 255 2699 Facile
282 2635 465 2716 impetrabis
492 2637 567 2699 mihi
586 2640 698 2714 vitam,
737 2647 790 2699 aut
815 2636 1003 2717 supplicium
1030 2638 1181 2720 depreca-

145 2737 258 2811 buis,
305 2738 395 2819 quod
432 2738 459 2800 si
492 2738 594 2800 laesam
631 2737 831 2818 Majestatem
869 2737 1180 2819 interpretabuntur,

153 2859 191 2899 ac
210 2837 433 2916 perduellionis
462 2850 638 2915 arcesserit,
670 2836 856 2921 interroga,
894 2861 971 2901 num
991 2840 1182 2902 Accursium

149 2937 342 3001 intellexisse
362 2949 495 3018 putent,
520 2939 745 3021 perduellionis
766 2939 884 3000 crimen
906 2939 995 3022 qlrod
1014 2939 1063 3002 sit.
1103 2941 1179 3019 Quo

147 3038 204 3101 abs
220 3050 252 3102 te
269 3039 419 3122 quesite,
441 3040 696 3119 persecutionem
711 3039 772 3100 mei
787 3040 986 3109 deserentes,
1003 3038 1180 3101 incentum

145 3139 281 3203 millium
295 3138 501 3223 singularium
513 3143 687 3224 glossarum
699 3143 901 3223 allegamcnta
913 3141 1050 3219 palantes
1062 3138 1179 3223 egeris·

147 3242 276 3303 Verum
296 3243 354 3303 hos
375 3253 547 3322 nugatores
566 3241 677 3304 missos
700 3240 801 3317 facio,
828 3252 860 3302 et
878 3239 1016 3321 reliquas
1037 3242 1180 3320 epistole

146 3353 254 3422 partes
287 3362 475 3424 persequor.
527 3343 601 3403 Non
636 3342 732 3404 falsus
768 3363 802 3403 es
836 3341 1008 3423 opinione,
1048 3342 1180 3424 quando

148 3440 285 3515 scribis,
312 3441 346 3502 in
365 3443 447 3504 Aula
466 3462 517 3504 me
535 3441 682 3524 intelligi,
708 3463 937 3524 nonnunquam
958 3442 1050 3503 valde
1072 3440 1180 3505 conci·

146 3554 243 3604 tatem
270 3541 347 3603 mihi
371 3541 484 3618 bilem,
516 3564 615 3626 quum
642 3543 704 3620 jem
730 3544 792 3621 jam
818 3542 921 3605 acrius
944 3542 1180 3606 insurrecturus
1236 3570 1240 3578 ·

150 3664 270 3718 essem,
302 3653 416 3722 preter
435 3643 702 3723 exspectationem
721 3664 906 3726 repressam.
950 3640 1002 3703 Sie
1021 3643 1104 3705 enim
1121 3654 1180 3706 est.
1235 3654 1237 3659 “

152 3743 307 3806 Continui
326 3763 395 3818 me,
417 3765 516 3826 quum
535 3745 609 3827 qnia
625 3744 664 3804 ab
679 3744 824 3807 omnibus
844 3742 958 3824 passim
978 3741 1180 3823 conjuratum

149 3846 304 3909 adversus
325 3845 499 3906 libertatem
519 3846 580 3906 hoc
600 3856 743 3926 tempore
762 3844 878 3922 video,
901 3855 966 3906 tum
983 3864 1081 3919 vero,
1103 3843 1180 3926 quia

150 3947 347 4009 severiorem
366 3945 645 4025 reprehensionem
668 3967 733 4007 non
760 3930 1008 4025 terebst'joeus.
1046 3946 1180 4010 STRO-

150 4046 322 4110 MERUM
343 4043 508 4107 Medicum
528 4057 614 4108 recte
634 4046 739 4122 doles,
759 4066 825 4108 non
848 4044 1020 4127 contigisse
1040 4045 1099 4106 tibi
1117 4047 1180 4110 hoe

146 4146 180 4209 in
207 4147 341 4209 transitu
374 4144 553 4226 hospitem:
592 4149 696 4211 bonus
729 4159 775 4210 est
805 4143 964 4228 jucundus
994 4158 1026 4208 et
1056 4147 1179 4223 dexter,

186 4353 218 4421 ⁴)
241 4364 380 4423 tenuent:
402 4361 517 4420 tetigerit.
