2632 5086
310 68 315 99 .'
345 39 1248 314 —

297 154 303 167 i

624 417 632 433 s

156 728 249 797 ⁶62⁴
321 721 381 797 De
406 714 554 793 Unitnte
577 714 734 787 Eccles.·
751 715 1008 791 conservanda

139 908 278 995 primis,
305 919 428 991 tneque
447 905 534 969 tratri
552 908 750 973 consultores
769 904 899 982 adesse,
920 917 975 984 nt,
990 904 1086 969 nobie
1103 905 1184 969 red·

154 1011 218 1072 din
236 1010 394 1082 libertate,
414 1008 472 1070 illis
492 1006 632 1082 furandi,
654 1008 816 1088 grassandi
832 1004 1065 1089 fraudandique
1080 1007 1184 1092 inter·

155 1111 275 1193 cipiatis
307 1108 580 1172 consuetudinem.
628 1110 676 1168 Ea
707 1106 769 1169 crit
800 1105 922 1186 prima,
954 1119 987 1168 et
1020 1109 1115 1186 plane
1147 1108 1181 1169 in

154 1211 265 1277 melius
286 1207 453 1289 redigendi
472 1219 584 1271 scamni
598 1206 720 1288 imperii
739 1205 805 1280 via,
822 1206 855 1268 id
871 1205 931 1269 erit
948 1207 1042 1268 vobis
1056 1229 1180 1288 magnae

108 1384 110 1389 ,
154 1324 188 1376 et
213 1333 296 1373 vern
326 1310 447 1373 initium
475 1307 592 1389 glorier.
640 1307 736 1370 Certe
763 1308 801 1368 tnl
829 1326 880 1368 rne
909 1309 998 1391 qnod
1020 1311 1178 1387 pertinet,

155 1413 324 1478 dicendum
350 1411 424 1473 mihi
449 1412 601 1485 arbitror,
632 1422 664 1471 et
688 1406 889 1471 scribendum
910 1410 1002 1471 etiarn
1024 1410 1085 1469 lioc
1098 1421 1179 1471 tem·

154 1535 235 1597 pore
259 1535 311 1585 ea,
334 1533 403 1594 qnae
422 1534 517 1587 vera,
538 1522 569 1573 et
590 1511 763 1572 necessario
784 1532 853 1592 qnae
878 1521 971 1572 sunt:
1002 1513 1178 1590 presertim

155 1635 254 1698 quum
271 1625 303 1693 ες
322 1613 432 1688 sciam,
457 1623 489 1673 et
510 1613 644 1692 possim,
668 1623 699 1671 et
718 1611 865 1683 debeant,
890 1631 931 1671 nc
953 1610 1082 1692 qnando
1103 1632 1177 1674 curn

154 1715 307 1799 propheta
333 1712 504 1794 poenitente
524 1732 621 1791 cogar
643 1711 766 1773 dicere:
798 1712 855 1770 vae
873 1709 966 1783 milri,
987 1713 1061 1791 qnia
1080 1711 1176 1787 tncni,

155 1815 230 1897 qiria
249 1817 346 1876 homo
366 1809 493 1893 pollutis
516 1810 600 1873 labiis
619 1830 681 1893 ego
703 1813 789 1873 snm!
819 1808 972 1872 Profecto
997 1814 1082 1873 enirn
1098 1813 1178 1874 obe·

154 1913 305 1977 dienrlnm
338 1924 385 1974 est
414 1912 511 1995 magis
541 1913 633 1985 Deo,
671 1932 764 1992 quam
792 1909 1001 1973 hominibus..
1027 1912 1178 1991 Praecipit

152 2016 245 2078 nobis
269 2016 353 2077 enirn
372 2014 481 2089 Dens,
508 2025 542 2075 ut
562 2012 722 2073 veritatem
745 2011 968 2090 predicemus,
996 2031 1096 2093 seqne
1119 2033 1177 2074 ve·

87 2125 90 2130 '
151 2116 273 2177 ritatem
299 2114 366 2194 ipse
399 2123 501 2174 vocat.
540 2113 657 2174 Panlns
690 2132 768 2172 vero
794 2110 983 2192 discipulum
1004 2112 1175 2176 erudiens:

150 2212 301 2296 predica,
339 2213 462 2295 inquit,
502 2212 635 2275 verbnm
661 2210 744 2285 Dei,
778 2209 857 2272 insta
883 2223 1081 2292 opportune,
1113 2211 1177 2274 im·

151 2325 308 2396 portuno,
336 2335 450 2396 argue,
477 2313 625 2386 obsecra,
646 2313 789 2391 increpa,
810 2312 840 2373 in
866 2312 950 2373 omni
970 2311 1117 2391 patientia
1137 2323 1172 2373 et

150 2413 305 2479 doctrina.
350 2414 420 2477 Erit
452 2413 535 2476 enirn
566 2425 708 2492 tempus,
744 2435 841 2495 qnum
868 2434 968 2475 sonem
991 2410 1171 2474 doctrinam

150 2536 218 2579 non
247 2515 466 2588 sustinebunt,
500 2515 556 2576 sed
593 2514 632 2575 ad
665 2536 722 2575 sna
753 2513 910 2575 desideria
936 2512 1175 2573 coacervabunt

150 2614 210 2677 sihi
229 2615 394 2696 magistros
417 2612 594 2693 prurientes
614 2613 752 2676 auribus.
791 2615 864 2674 Hoc
883 2613 959 2675 illud
974 2623 1021 2673 est
1037 2623 1174 2692 tempus,

148 2712 295 2792 protecto
315 2716 376 2775 hoc
397 2724 467 2788 est,
498 2725 593 2795 atque
619 2715 715 2791 igitur
739 2714 972 2794 predicandum
991 2733 1093 2787 nnnc,
1123 2734 1174 2776 ar·

147 2812 310 2895 gnendnm
331 2832 363 2877 et
386 2814 623 2895 increpandum,
651 2836 749 2896 qnnm
773 2815 845 2895 qnia
862 2816 902 2876 ad
923 2834 1077 2876 summum
1094 2818 1173 2874 edn-

146 2913 269 2977 scendit
302 2916 449 2977 scelerata
476 2917 614 2995 ipsorum
646 2914 795 2987 avaritia,
819 2926 885 2977 tnrn
913 2915 987 2995 quin
1021 2914 1053 2975 in
1083 2926 1172 2975 tnnm

146 3012 273 3076 fratrem
299 3017 423 3094 optime
446 3015 514 3098 spei
529 3015 679 3094 juvenem
701 3014 939 3097 incidit‚rernm
969 3013 1171 3096 gubernatio,

146 3114 202 3194 qui
221 3115 254 3176 el
273 3128 377 3195 potest
401 3115 548 3178 facillime
568 3116 614 3178 his
636 3116 753 3177 mederi
780 3115 887 3183 malis,
924 3124 956 3175 ct
984 3113 1170 3177 occasiones

144 3214 258 3288 hebet,
293 3227 328 3278 ut
356 3215 411 3276 rix
442 3217 523 3278 ullns
551 3228 622 3278 ante
653 3235 705 3288 se,
739 3217 857 3279 bonas:
891 3235 957 3297 qno
985 3234 1058 3275 cnm
1085 3212 1169 3281 hinc

144 3312 257 3374 librum
281 3314 378 3376 veluti
407 3314 565 3395 quodnam
590 3316 756 3398 ntrinsqne
780 3317 849 3377 vitae
875 3316 1052 3393 exemplar,
1079 3312 1169 3396 quod

143 3433 202 3487 vor
231 3414 375 3485 erudiat,
410 3415 615 3477 communica.
659 3415 788 3479 Clarum
824 3414 932 3478 eximii
970 3413 1169 3494 imperatoris

141 3511 261 3575 lacinus
291 3514 331 3575 nd
361 3515 638 3592 pulcherrimarum
677 3516 768 3579 vobis
803 3539 909 3583 rernm
939 3515 1169 3578 emulationem

141 3616 339 3676 hortamento
372 3635 441 3677 esse
466 3616 572 3679 (lebet.
613 3616 685 3677 Tibi
715 3615 798 3679 enim
826 3615 871 3680 sie
896 3616 1010 3681 dedico
1038 3615 1168 3690 librum,

141 3726 176 3776 ut
193 3726 297 3775 lecum
317 3715 376 3794 ipsi
397 3736 593 3779 communem
610 3738 678 3779 esse
695 3716 805 3789 velim,
838 3739 933 3799 quem
950 3738 1017 3778 non
1034 3715 1168 3796 potestis

138 3836 204 3879 non
230 3836 351 3877 summo
376 3819 518 3895 amplecti
548 3818 669 3882 studio:
695 3819 860 3881 veritatem
884 3820 1052 3898 profitetur
1070 3819 1166 3889 enim,

138 3928 170 3980 et
194 3916 357 3979 heroicum
382 3918 493 3980 snnnni
519 3920 605 3995 renis
629 3918 745 3981 lactum
772 3921 924 3985 adversus
950 3917 1166 3996 impudentem

138 4018 293 4079 scelerati·
303 4002 481 4097 impostoris
509 4020 692 4082 calumniam
720 4031 847 4105 luetur,
879 4029 975 4083 etex
996 4019 1166 4098 evangelio

137 4125 222 4177 totus
244 4127 307 4191 est,
327 4139 362 4178 ae
380 4120 485 4182 verbis
507 4121 625 4184 Christi
644 4121 786 4201 apposite
806 4120 1040 4185 concinnatim
1063 4122 1169 4183 Decet

137 4228 240 4280 antem
274 4220 414 4283 veritatis
445 4223 550 4282 strnlio
583 4221 685 4288 teneri
723 4243 805 4296 vos,
840 4234 873 4284 et
906 4221 946 4283 ab
974 4221 1165 4284 adulationis

136 4333 260 4381 Aeneno
303 4341 391 4384 sanas
428 4320 543 4385 habere
569 4335 696 4397 ‚mentes
741 4343 777 4385 oc
812 4344 914 4385 amen
964 4325 1045 4385 Sene
1075 4324 1164 4403 prin·
