2632 5086
211 758 283 833 tta
467 759 572 843 Trina
602 758 771 835 Romana
793 762 979 863 Dialogus.

642 980 803 1044 Hutteu.

287 1080 391 1141 Acnte
419 1078 606 1162 perpendis,
632 1082 689 1143 sed
713 1083 774 1144 hoc
794 1094 945 1165 quantum
970 1093 1034 1160 est,
1058 1093 1092 1144 et
1116 1075 1235 1167 quale?

212 1181 294 1243 Tres
321 1193 410 1255 sunt,
438 1180 560 1264 inquit,
590 1182 807 1244 Romanorum
832 1173 1065 1262 negotiatorum
1090 1204 1233 1247 merces:

211 1283 371 1359 Christus,
391 1284 582 1358 sacerdotia,
610 1294 642 1343 ct
660 1284 816 1345 mulieres.

625 1399 814 1461 Ernhold.

282 1499 410 1562 Utinam
436 1497 583 1563 marlieres
616 1510 755 1573 tautum,
785 1519 845 1561 nec
870 1508 982 1579 prater
1012 1517 1086 1559 eiam
1117 1517 1234 1560 sexirm

210 1600 313 1662 ctiam.

633 1716 801 1778 Brittan.
1201 1778 1211 1797 ἱ

282 1818 391 1902 Multa
403 1816 449 1880 ibi
466 1817 588 1881 referre
616 1817 729 1898 puduit
754 1816 943 1891 Vadiscum,
971 1838 1043 1900 quas
1061 1816 1105 1878 illi
1125 1826 1233 1879 tamen

208 1920 248 1981 de
266 1920 376 2001 seipsi
395 1919 570 2002 loquuntur
589 1917 810 1999 epigrammata
829 1916 1081 1992 conscribentes,
1104 1938 1233 1981 morum

206 2039 336 2080 suorum
355 2019 526 2101 imagines,
554 2030 586 2080 ct
605 2030 722 2081 naturae
742 2019 914 2080 simulacra.
951 2019 1108 2081 Praeterea
1128 2017 1179 2080 hic
1195 2018 1231 2080 in

204 2106 323 2181 nostris
349 2120 517 2203 aliquando
548 2118 648 2181 oculis
667 2140 739 2200 ,rpus
758 2118 904 2179 lecerunt
922 2139 1034 2180 eornm
1056 2116 1172 2193 legati,
1198 2132 1233 2181 ct

205 2218 376 2283 oratores?
405 2219 469 2281 Sed
495 2218 650 2279 Vadiscus
679 2219 738 2279 tria
768 2220 878 2281 Romae
908 2217 1018 2280 auditu
1045 2217 1234 2297 gratissima

204 2336 275 2383 csse
303 2328 413 2400 putat:
450 2322 597 2401 generale
624 2318 815 2392 concilium,
852 2317 1103 2379 emendationem
1130 2328 1231 2382 status

204 2418 425 2493 ecclesiastici,
455 2430 487 2482 et
519 2421 607 2502 quod
634 2419 781 2481 Germani
812 2420 921 2479 oculos
952 2416 1126 2498 recipiunt3
1158 2440 1231 2481 rur-

202 2542 338 2605 sumque
369 2520 427 2583 tria
463 2521 607 2583 dolenter
649 2519 735 2581 ferre
767 2521 1007 2581 Romanenses:
1049 2517 1231 2599 principum

201 2622 420 2685 Romanorum
439 2621 657 2696 concordiam,
681 2619 792 2702 populi
811 2617 1063 2700 intelligentiam,
1083 2629 1115 2679 et
1139 2621 1231 2702 quod

201 2718 400 2783 innotescant
419 2743 483 2784 suae
501 2721 641 2785 fraudes.

617 2838 811 2900 Ernlrold.

279 2933 405 3019 Optime
426 2936 562 3002 Romam
578 2938 669 3000 noxit
688 2937 757 3000 iste.
799 2937 926 3019 Quippe
946 2939 972 2997 si
992 2939 1044 2998 vel
1063 2937 1104 2998 ad
1123 2935 1233 2999 conci-

202 3033 277 3098 fium
303 3038 467 3119 perveniat
493 3060 561 3116 res,
588 3038 678 3123 quod
702 3036 753 3099 isti
772 3037 849 3111 soli,
880 3059 947 3119 quo
966 3058 1069 3100 mnms
1096 3038 1167 3110 liat,
1197 3036 1232 3099 in

202 3156 292 3201 mora
320 3149 415 3214 suut,
449 3138 503 3204 illo
536 3138 599 3221 jam
630 3140 705 3203 dum
729 3138 831 3200 adhuc
861 3138 1008 3211 dolente,
1045 3136 1078 3198 in
1105 3136 1231 3199 Niceno

202 3238 338 3302 concilio
366 3241 456 3322 quod
488 3252 650 3322 acceptum
679 3252 747 3316 est,
780 3242 932 3313 vulnere,
969 3249 1022 3300 aut
1054 3240 1149 3300 scmcl
1178 3236 1231 3299 illa

201 3339 353 3420 procedat
369 3342 427 3405 (liu
451 3339 514 3421 jam
538 3341 654 3424 agitata
678 3341 879 3423 quorundam
905 3338 996 3402 nimis
1026 3338 1230 3401 aeclesiastici

202 3448 299 3503 suan
337 3440 537 3519 emendatio,
576 3445 628 3506 vel
659 3442 809 3505 Germani
839 3453 1033 3525 cognoscant
1063 3440 1229 3523 quomodo

203 3558 310 3605 secum
324 3552 452 3625 agatur.
470 3554 524 3604 aut
536 3544 737 3607 concordiam
751 3544 856 3605 incant
870 3541 1027 3623 principes
1046 3529 1227 3617 Christiani,

202 3640 252 3701 vet
276 3638 360 3705 inter
388 3641 596 3725 religionem,
630 3655 662 3707 ct
688 3641 943 3726 superstitionem
979 3642 1144 3725 dignoscat
1170 3665 1231 3724 po-

201 3740 317 3821 pulus,
350 3742 559 3807 rotomnam
580 3744 697 3821 oculis,
730 3760 762 3808 et
780 3742 952 3818 cordibus,
979 3766 1048 3827 quaa
1078 3745 1231 3807 scelerate

201 3840 282 3913 liunt
301 3842 434 3919 Romae,
461 3844 605 3925 exposita
633 3845 713 3923 sint,
744 3846 826 3909 harad
856 3844 919 3927 jam
945 3843 1228 3909 ultra-Christum,

203 3944 313 4019 cetos,
341 3942 456 4019 vitam,
479 3944 705 4009 beatitudinem
736 3947 907 4011 viderimus
927 3946 1010 4021 emi,
1041 3966 1100 4011 nec
1125 3965 1231 4009 sacer·

202 4040 289 4107 dotia
307 4044 380 4115 ¹ausi
405 4043 527 4109 luerim
544 4046 596 4112 isti
614 4040 818 4127 venundare,
846 4060 879 4111 et
897 4046 1110 4111 continentius
1130 4045 1229 4109 oredo

203 4144 323 4209 rivam.

631 4263 798 4329 Hutten.

277 4378 319 4443 Ut
338 4380 392 4444 ais.
