2632 5086
331 793 379 866 od
405 791 596 867 Albertum
619 792 778 892 Princip.
802 794 863 869 lib.
1040 802 1112 879 277

84 1007 120 1050 ac
152 987 231 1047 eitra
256 986 480 1049 discretionem
511 985 657 1051 mulieres
682 987 795 1064 etiam,
827 1009 919 1053 senes
947 992 1052 1053 errstm
1076 1002 1112 1053 ut

83 1085 275 1170 plurimum,
303 1087 392 1167 quod
413 1086 570 1168 reputanti
589 1087 664 1149 milri
689 1088 830 1153 venitin
849 1101 1003 1165 merrtem,
1030 1096 1112 1153 nolte

83 1186 287 1269 Hippocratis
299 1187 478 1261 sententiae,
499 1207 590 1250 senes
610 1188 755 1250 facillime
773 1188 929 1269 jejunium
944 1190 1110 1265 sustinere,

83 1309 160 1351 mox
180 1287 215 1348 in
241 1286 371 1348 robusta
393 1298 424 1351 ct
453 1289 542 1349 firma
562 1287 753 1351 constitutos
776 1300 881 1363 aetate,
911 1290 1013 1352 miuus
1034 1290 1112 1353 ado·

84 1392 259 1461 lescentes,
286 1385 342 1468 qni
371 1397 462 1461 sunt,
492 1408 609 1468 pueros
635 1387 785 1463 minime,
812 1389 916 1451 animo
941 1388 1112 1471 pracsertim

85 1488 141 1569 qui
173 1498 246 1549 sunt
280 1487 525 1567 propensiores,
565 1488 730 1569 magisque
756 1489 873 1571 vegeti.
922 1492 1111 1572 Quanquam

84 1588 128 1650 ibi
148 1607 214 1649 non
233 1587 341 1648 ultime
361 1606 453 1648 senes
473 1586 602 1669 intelligi
623 1588 697 1649 velit
718 1590 866 1650 Galenus.
904 1592 973 1653 Jam
994 1603 1025 1653 et
1043 1612 1111 1653 san·

85 1689 201 1769 guinea
220 1687 364 1768 corporis
385 1685 534 1769 qualitate
552 1685 607 1768 qui
625 1700 810 1763 censentur,
830 1688 928 1762 mauis
942 1710 977 1749 ac
994 1690 1112 1753 diutius

84 1787 220 1850 inediam
241 1788 329 1849 ferre
345 1798 466 1848 constat
483 1808 577 1869 qnmn
595 1786 782 1851 elrolericos.
822 1788 981 1869 Quoniam
1001 1789 1033 1850 in
1053 1788 1113 1851 illis

84 1908 201 1968 corpus
221 1887 277 1970 qui
295 1889 399 1961 alunt,
420 1890 570 1949 lrumorcs
585 1887 716 1948 ulterius
736 1889 865 1962 adsunt,
890 1890 975 1950 calor
993 1899 1113 1969 tempe·

82 1999 189 2061 ratur,
206 1987 375 2072 minusque
396 1987 550 2061 adurens,
573 1984 692 2069 quippe
719 1987 849 2050 humido
870 1989 1059 2052 commixtus
1077 1998 1113 2052 ut

82 2089 125 2150 sit
144 2087 313 2150 remissior.
352 2086 390 2147 ln
408 2087 456 2149 tris
475 2107 555 2147 vero
578 2080 685 2149 tenuia
703 2098 735 2148 ct
754 2087 836 2149 sicca
856 2087 977 2162 omnia,
998 2108 1034 2149 ac
1055 2090 1114 2153 ltu·

83 2188 183 2251 moris
209 2187 336 2269 indiga,
369 2186 485 2249 deiende
514 2186 698 2267 pituitosas,
726 2188 855 2269 quando
884 2188 916 2250 hi
944 2190 1113 2272 plusquam

85 2298 211 2368 oportet
233 2289 379 2350 humecto
401 2286 579 2359 abundant,
608 2289 743 2356 tolerare
766 2287 883 2366 optime
906 2288 1020 2351 latitem
1040 2288 1112 2370 quis

82 2388 228 2451 dubitet?
256 2388 381 2469 Quibus
396 2385 619 2449 animadversis
635 2388 800 2450 consilium
816 2408 884 2447 nou
896 2389 1012 2463 deerit,
1034 2408 1114 2470 qua-

83 2510 211 2570 cunque
234 2487 267 2548 in
295 2498 383 2549 aetate
408 2498 571 2568 uteunque
598 2487 769 2550 constituto
796 2485 926 2551 cuilibet
946 2487 1114 2569 negotium

81 2591 143 2652 hoc
162 2587 219 2670 qui
240 2588 326 2648 volet
346 2585 503 2665 experiri,
533 2585 677 2667 sciatque
695 2588 917 2669 uuusquisque
936 2599 971 2649 ut
992 2598 1114 2651 attenu-

82 2689 165 2749 anda
186 2686 289 2747 victus
310 2686 409 2760 ratio,
433 2698 534 2768 utque
553 2685 594 2746 sit
615 2686 788 2761 dilatanda,
812 2698 845 2748 et
866 2699 903 2749 ut
921 2688 1038 2749 arctius
1065 2686 1114 2751 in·

83 2786 264 2848 ducernlum
280 2783 450 2864 jejunium,
463 2799 563 2869 utque
577 2786 678 2848 laxius
689 2786 902 2867 irululgendus
916 2809 1002 2870 aegro
1013 2787 1113 2851 cibun

85 2888 200 2966 Neque
220 2884 252 2945 id
271 2895 407 2967 tanturn,
427 2887 485 2947 sed
505 2897 536 2947 et
557 2887 732 2964 Gtrajacum
749 2889 873 2967 utplus
896 2888 1042 2950 minusve
1065 2888 1114 2951 in·

83 2984 165 3047 sumi
194 2995 349 3066 oporteat.
397 2984 594 3068 Quamquam
621 2986 665 3047 ibi
689 3008 800 3067 parurn
824 2987 1004 3049 babendum
1023 2987 1114 3048 ‹titte-

82 3086 190 3147 rentiae
208 3105 346 3159 censeo,
367 3086 456 3167 quod
478 3108 544 3148 non
567 3098 615 3149 est
633 3083 817 3167 hujusmodi
836 3086 1005 3148 decoctum
1023 3084 1113 3167 illud,

84 3199 117 3248 ut
136 3187 169 3248 iu
188 3185 441 3266 praecedentibus
458 3186 536 3249 dixi.
575 3188 671 3261 ltem,
690 3184 781 3269 quod
794 3185 915 3263 impetu
932 3196 1038 3260 curet,
1059 3200 1114 3251 aut
1191 3227 1195 3235 ·

82 3288 318 3368 perrumpendo
339 3288 472 3349 salutern
495 3289 666 3363 acceleret,
693 3286 751 3349 sed
768 3285 859 3368 quod
877 3287 961 3347 lente
980 3306 1017 3347 ac
1036 3306 1114 3368 pau·

82 3386 166 3447 latim
178 3390 265 3467 paen'c
279 3385 349 3449 sine
363 3405 462 3447 sensu
474 3387 528 3447 det
539 3388 703 3462 ellectum,
721 3385 763 3449 ita
774 3374 810 3447 ut
823 3384 1028 3469 metuendum
1043 3406 1112 3447 non

83 3496 212 3565 putem,
234 3487 302 3549 sive
326 3485 395 3548 seni
417 3485 665 3562 administretur,
685 3485 753 3549 sive
772 3507 898 3564 puero,
918 3496 972 3546 aut
990 3488 1113 3566 puelle,

85 3604 124 3644 ne
146 3586 213 3663 pilus
234 3584 413 3667 ingeratur,
434 3586 511 3648 dum
530 3607 571 3649 ne
590 3586 662 3669 quis
688 3585 785 3648 nimio
806 3605 904 3668 quem
922 3584 1113 3666 praescripsi·

83 3707 153 3746 atius
168 3686 296 3747 modum
316 3687 460 3771 excedat.
501 3688 640 3748 'l'antunr
651 3686 739 3748 abest
752 3730 761 3760 ,
781 3696 817 3747 ut
832 3685 1003 3770 pinguibus
1017 3704 1115 3769 quam

83 3784 254 3846 macilentis
293 3788 360 3865 plns
393 3787 532 3847 dandum
566 3806 724 3849 moneam.
762 3783 943 3866 Quinetiam
976 3786 1020 3848 ait
1039 3784 1114 3849 cet-

83 3904 160 3958 sus,
186 3886 268 3946 inter
294 3888 399 3949 valens
429 3906 549 3966 corpus
579 3896 612 3947 et
636 3884 769 3949 obesum
793 3882 876 3947 inter
910 3906 1005 3959 esse,
1042 3904 1116 3945 rur·

81 4005 217 4066 sumque
235 3985 316 4049 intcr
333 3998 429 4049 tenne
449 3997 480 4046 et
498 3985 666 4047 insumunt.
705 3984 888 4048 Temriores
910 3984 995 4045 enim
1014 3982 1114 4067 magis

80 4084 284 4166 satagarincm,
303 4087 463 4167 pleniores
485 4105 579 4149 cante
598 4083 771 4148 abundare.
808 4084 846 4148 ld
864 4084 956 4169 quod
974 4102 1058 4163 saepe
1077 4092 1116 4147 ul

81 4184 111 4245 iu
135 4207 186 4247 me
206 4185 274 4247 dixi
295 4187 459 4262 evenisse,
480 4184 557 4246 saltn
571 4183 733 4260 medicos,
754 4186 830 4249 dum
849 4182 967 4267 gracile
981 4202 1113 4267 corpus,-

80 4282 237 4347 inlinnum
255 4286 410 4348 contiuuo
431 4284 628 4360 existimant,
650 4305 687 4347 ac
713 4284 848 4349 obesum
871 4303 908 4347 ac
931 4301 1112 4365 procerum,

82 4385 256 4449 rebustunr.
277 4387 366 4448 darn
387 4386 463 4448 illntl
482 4385 586 4447 obiter
602 4384 837 4449 adruen'enduut
854 4380 982 4464 judeo,
1007 4398 1114 4445 meum
