2632 5086
278 715 327 789 ad
349 710 644 804 Ferdinandum‚
676 710 920 787 Archidueem
944 711 1052 809 prael.
1100 718 1172 789 553

154 906 218 989 cipi
249 906 336 971 Dion
360 905 499 989 praecipit
526 925 622 987 super
655 901 761 971 omnia
789 902 929 968 verium
957 924 995 967 eo
1025 904 1172 986 simplici·

155 1009 242 1081 tatis,
273 1020 309 1070 ut
331 1007 448 1069 amicus
469 1005 524 1081 sit,
551 1008 631 1068 hane
653 1006 772 1087 regiam
792 1005 940 1070 virtutem
962 1019 1172 1084 consectetur,

154 1109 297 1171 astutiam
315 1120 347 1171 et
364 1108 508 1171 lrairdom
527 1106 573 1168 uti
599 1106 725 1170 servilia
742 1117 841 1187 putet.
877 1110 1073 1187 Pythagoras
1093 1129 1172 1170 vero

152 1209 389 1285 interrogatus,
421 1207 572 1290 quidnam
601 1207 797 1287 potissimum
822 1207 922 1269 similo
942 1208 1010 1271 Diis
1030 1207 1172 1271 homines

153 1309 285 1382 iaciant,
320 1330 417 1391 quum
447 1328 523 1370 vera
549 1305 742 1391 loquuntur,
775 1310 950 1388 rospondit.
988 1312 1086 1389 Quod
1117 1329 1172 1371 co·

155 1409 291 1471 namium
320 1409 413 1470 vobis
443 1407 606 1481 existimo,
639 1418 674 1469 ut
701 1408 771 1471 Diis
802 1409 937 1479 similes,
973 1411 1007 1471 id
1034 1422 1104 1486 est,
1136 1420 1183 1471 ut'

152 1512 221 1590 plus
249 1509 399 1590 quiddam
426 1506 492 1569 aliis
523 1505 703 1569 bominibus
733 1504 822 1584 sitis,
859 1508 978 1591 alioqui
1013 1508 1171 1589 principes

152 1631 216 1670 non
245 1610 355 1683 eritis,
388 1628 482 1688 supra
512 1608 588 1668 alios
607 1608 633 1668 si
654 1608 729 1671 nihil
754 1611 813 1672 erit
831 1614 863 1673 in
895 1609 988 1671 vobis
1014 1629 1171 1690 magnum,

152 1709 226 1772 nihil
254 1710 479 1770 admirandum.
517 1707 580 1769 Hic
600 1708 709 1771 videre
729 1710 843 1775 videor
869 1710 1023 1794 quosdam
1050 1710 1175 1772 obstre.

152 1830 227 1888 perc
255 1809 352 1883 milri,
383 1811 443 1870 lroc
478 1808 638 1871 dieentes:
678 1810 790 1890 Quid?
825 1822 859 1872 tu
887 1810 1068 1889 pontificem
1095 1831 1172 1873 eon·

152 1920 302 1988 temptum
323 1910 437 1971 reddes
458 1908 579 1990 igitur?
607 1912 679 1987 Ego
694 1931 773 1973 vero
787 1909 931 1984 minime,
951 1912 1008 1973 sed
1024 1913 1170 1992 atlempto

153 2010 194 2071 illi
233 2011 332 2084 luco,
375 2027 407 2073 ut
441 2031 517 2073 vera
547 2010 704 2093 pontilicis
737 2011 852 2073 eniteat
884 2012 1009 2094 imago,
1039 2011 1170 2087 faciam,

149 2110 353 2192 detractoque
383 2132 445 2186 eo,
481 2113 694 2194 quodeunque
721 2110 775 2171 illo
803 2110 968 2183 intimum
1002 2126 1070 2181 est,
1098 2112 1170 2175 red-

148 2211 220 2272 dam
248 2211 334 2292 quod
359 2211 532 2281 amiserat:
564 2232 605 2272 cx
626 2224 758 2290 tyranno
792 2212 992 2290 pontilicem,
1019 2221 1062 2273 eir
1091 2232 1169 2289 rege

148 2327 290 2387 patrem,
328 2330 369 2371 ex
403 2311 476 2373 lure
511 2323 667 2393 pastorem
698 2313 816 2376 mrmdo
845 2315 1023 2376 restituens.
1073 2311 1170 2392 Quasi

147 2431 227 2472 vcro
260 2410 407 2493 cuiquam
445 2413 655 2473 venerabilior
687 2433 757 2476 esse
794 2412 896 2492 possit
933 2434 1017 2475 arma
1054 2431 1170 2494 gerens

148 2513 257 2591 (quod
287 2510 389 2582 absit)
418 2510 550 2573 bellator
579 2512 670 2585 Leo,
705 2534 800 2595 quam
825 2534 885 2594 pro
920 2534 997 2593 paee
1030 2511 1169 2575 ecelesiae

101 2624 104 2629 '
148 2609 331 2688 suppliciter
358 2629 450 2669 orans
470 2611 555 2673 idem
581 2624 727 2691 togatus:
770 2613 834 2679 Sed
859 2612 922 2697 jam
952 2614 992 2676 de
1012 2612 1058 2675 bis
1079 2616 1171 2692 plura

148 2709 300 2772 desinam.
338 2709 441 2771 Valde
464 2711 537 2772 milri
564 2714 673 2792 placeo
694 2735 735 2774 ex
759 2716 990 2789 hae-lortuna,
1022 2715 1170 2796 princeps

149 2806 375 2870 Fordinande!
409 2809 464 2891 qui
500 2811 612 2875 librum
641 2812 749 2875 inveni
776 2814 866 2877 nobis
894 2816 939 2877 sic
968 2814 1095 2890 utilem,
1123 2815 1169 2876 sic

147 2890 360 2971 necessarium
373 2896 411 2971 'ct
431 2912 614 2987 salutarem
641 2914 701 2977 hoc
720 2913 890 2995 presertim
909 2925 1070 2994 tempore,
1101 2935 1169 2997 quo

147 3011 198 3093 agi
228 3031 280 3073 res
317 3011 424 3073 tlenuo
458 3010 520 3090 jam
556 3012 609 3076 (liu
641 2998 817 3077 intermissa
848 3012 969 3094 ingenti
1006 3034 1078 3093 pum
1112 3031 1168 3093 spe

147 3111 325 3193 principum
344 3133 380 3171 ao
407 3112 516 3193 populi
539 3114 686 3177 Germani
716 3113 850 3195 incipit,
884 3125 919 3174 ut
947 3111 1023 3175 nihil
1050 3111 1122 3177 lieri
1151 3133 1169 3173 a

146 3212 238 3275 nobis
271 3214 449 3287 insuetum,
485 3214 626 3296 nihilque
664 3236 784 3279 novum
818 3214 948 3278 videant
985 3212 1051 3287 illi,
1088 3212 1167 3296 qui,

147 3333 246 3396 quum
271 3314 422 3376 adversus
450 3312 657 3397 iniquissimas
679 3316 804 3381 illorum
833 3315 1015 3380 exactiones
1038 3316 1166 3377 mutire·

145 3433 216 3475 mus
245 3433 371 3495 nuper,
405 3414 568 3480 haereticos
591 3417 781 3492 clamabant,
813 3427 846 3479 et
864 3416 971 3499 ignem
989 3414 1083 3477 nobis
1109 3415 1166 3478 mi·

145 3511 324 3588 nabantur,
356 3536 393 3579 ae
425 3518 560 3580 Romam
589 3517 811 3598 pertrahebant
845 3537 960 3599 magno
987 3536 1058 3579 cum
1085 3516 1165 3579 Ger·

145 3613 254 3673 mania·
287 3625 389 3677 motu.
439 3614 539 3697 Quasi
571 3638 665 3679 nemo
703 3629 775 3679 ante
807 3637 866 3679 nos
897 3619 962 3678 tale
994 3616 1165 3700 quiequam

144 3731 240 3775 ausus
268 3725 372 3789 esset,
414 3728 491 3790 aut,
522 3715 550 3781 si
578 3737 672 3781 nemo
703 3718 796 3781 etiarn
828 3736 922 3781 ausus
952 3730 1056 3793 esset,
1097 3739 1166 3781 non

143 3812 326 3893 hujusmodi
358 3829 462 3878 essent
495 3838 554 3880 sua
586 3820 723 3894 seelera,
752 3834 790 3882 ut
817 3820 883 3881 haee
910 3818 1036 3899 publica
1065 3817 1164 3880 totins

140 4015 227 4092 uiri.)
250 4018 294 4079 At
320 4039 405 4079 nurm
431 4017 560 4095 vident,
591 4021 670 4104 quid
695 4031 821 4084 veteres
846 4041 974 4107 quoque
994 4020 1039 4083 illi
1058 4017 1164 4081 conati

141 4114 228 4191 sint,
263 4118 379 4200 quibus
410 4120 437 4183 si
463 4120 566 4185 minus
590 4121 685 4184 cessit
714 4122 796 4198 hoo,
833 4123 984 4203 inculpa
1010 4118 1164 4183 nonfuit

142 4236 254 4283 eorum
281 4219 492 4298 imbecillitas,
522 4224 581 4288 sed
612 4224 738 4291 illorum
774 4233 953 4305 temporum
985 4219 1160 4296 infelicitas,

143 4314 258 4397 quibus
287 4320 389 4399 pontit
417 4325 487 4403 plns
519 4322 607 4408 vulgi
633 4323 833 4407 superstitio,
868 4344 964 4409 qnam
990 4334 1044 4385 aut
1064 4321 1162 4389 ,ultim
