2632 5086
146 786 189 854 88
429 771 486 844 Ad
509 767 614 841 Bilib.
639 762 891 840 Pirckheimer

144 967 248 1032 dubiis
271 986 338 1029 uon
352 963 500 1028 videtin?
533 963 609 1025 Non
629 979 742 1041 magua
762 958 895 1033 fiducia,
925 975 1021 1039 posse
1039 942 1201 1039 augeri(

57 1096 61 1104 ·
142 1090 210 1133 non
227 1089 322 1149 possc
341 1064 466 1128 minui?
499 1064 675 1125 facultates
699 1080 836 1152 namque
862 1069 896 1120 ut
913 1070 1002 1139 supt,
1031 1057 1058 1120 si
1077 1077 1173 1119 ever·

141 1179 247 1230 tantur
260 1168 372 1240 etiam,
392 1188 458 1229 non
469 1167 601 1227 multum
611 1162 779 1224 admodum
793 1159 925 1241 periisse
936 1159 1010 1222 mihi
1023 1161 1171 1232 ‹luxero;

142 1267 186 1332 tra
203 1268 268 1330 illas
288 1268 373 1331 enirn
391 1267 527 1340 aestimo,
553 1276 589 1326 ut
604 1264 673 1325 sive
690 1263 819 1324 omuino
841 1271 989 1341 pereant,
1017 1259 1087 1322 sive
1101 1278 1171 1321 non

141 1380 333 1451 augeantur,
363 1367 496 1450 perinde
520 1386 684 1439 censeam3
720 1376 845 1439 certus,
880 1375 934 1425 aut
964 1360 1171 1442 amplioribus

142 1490 212 1534 esse
238 1491 319 1550 opus
345 1469 437 1544 mihi,
467 1467 617 1530 antistas
642 1489 707 1529 nou
728 1468 801 1529 satis
821 1487 909 1529 esse:
943 1462 1086 1547 quamvis
1102 1483 1172 1525 nou

141 1582 215 1633 sunt
233 1570 458 1652 angustissimae
474 1570 549 1643 illas,
576 1568 632 1630 sed
654 1590 743 1630 meus
763 1590 798 1630 so
819 1570 939 1629 animus
958 1566 1090 1646 amplius
1110 1585 1172 1627 ex-

141 1673 266 1752 planat,
305 1692 399 1754 quam
423 1681 458 1732 ut
488 1670 569 1732 intra
591 1671 643 1730 has
670 1669 879 1731 habitaturum
901 1689 952 1730 me
980 1688 1115 1749 sperem.
1134 1664 1168 1738 *)

140 1771 267 1834 Deinde
297 1771 372 1855 quia
398 1792 467 1833 mea
501 1772 602 1832 omnis
631 1769 764 1847 dignitas
792 1790 835 1829 cx
863 1768 967 1829 antimo
1002 1779 1050 1830 est
1075 1765 1171 1840 mihi;

140 1871 239 1954 inque
259 1871 381 1946 altimo,
406 1872 543 1933 sortuuae
566 1870 645 1949 juris
664 1869 741 1931 nihil
760 1889 830 1931 esse
850 1868 883 1929 in
902 1870 1003 1942 illam,
1019 1888 1172 1946 ‘comper-

139 1982 207 2035 tum
225 1974 338 2034 habeo.
378 1973 482 2033 Porro
503 1971 696 2031 nobilitatem
719 1989 837 2050 augere
856 1969 1023 2045 magnifice
1044 1979 1171 2048 potest,

139 2072 285 2137 minucie
314 2073 401 2134 nullo
436 2092 534 2152 opero
561 2083 676 2151 potest.
715 2070 833 2144 Vides,
871 2070 986 2152 quibus
1012 2070 1044 2132 in
1064 2071 1173 2131 firma·

138 2173 274 2247 mentis,
317 2192 379 2254 qua
414 2173 529 2234 fiducia
564 2170 759 2235 consistam?
798 2170 915 2253 quibus
939 2192 990 2232 me
1015 2170 1172 2251 praesidiis

138 2273 425 2335 circumdederint?
445 2273 560 2356 quibus
578 2273 678 2351 copiis
693 2273 863 2335 instructus
880 2270 961 2332 sim?
981 2271 1024 2332 At
1038 2270 1173 2333 fortuna

138 2376 229 2459 quod
250 2376 353 2448 dedit,
387 2376 496 2436 eadem
516 2373 619 2435 aulmt
638 2375 838 2455 plerumque.
883 2371 934 2433 Sic
954 2382 1020 2431 est:
1054 2392 1116 2433 nec
1137 2371 1171 2434 id

137 2477 256 2548 solum;
277 2497 390 2539 verum
411 2475 504 2537 ctiam
523 2474 549 2535 si
570 2474 726 2555 quidest,
751 2475 840 2556 quod
860 2472 902 2534 illi
919 2483 1083 2550 acceptum
1102 2494 1171 2535 non

136 2576 325 2638 referimus:
367 2596 473 2658 neque
510 2595 572 2655 ego
604 2574 774 2657 quicquam
801 2595 909 2635 eurum
939 2594 1065 2647 rerum,
1097 2595 1173 2655 quaa

137 2675 279 2735 exterius
304 2673 424 2735 homini
444 2675 577 2749 adsunt,
610 2697 680 2737 esse
703 2674 817 2747 video,
848 2673 936 2755 quod
957 2694 1022 2734 non
1042 2671 1172 2737 casibus

139 2771 320 2852 expositum
349 2775 527 2837 habeamus.
582 2777 652 2837 lam
682 2777 820 2836 houorcs
850 2773 972 2848 ambio,
1007 2794 1110 2855 quos,
1144 2774 1173 2836 si

137 2871 246 2947 liceat,
277 2874 356 2937 citra
382 2874 532 2937 iuvidiam
559 2876 653 2936 velim
681 2874 845 2953 indipisci,
882 2874 931 2936 siu
959 2884 1084 2948 autem,
1120 2886 1175 2937 ut-

136 2994 275 3057 cunque.
327 2976 412 3038 Tum
443 2976 585 3058 qtraedam
616 2997 667 3041 mc
697 2987 783 3037 tcuet
810 2995 877 3036 non
903 2973 1031 3035 minima
1057 2974 1172 3057 gloriae

136 3075 220 3149 sitis,
250 3086 285 3135 ut
303 3075 480 3152 nobilitari,
508 3050 814 3158 quantumipossim,
845 3076 980 3154 cupiam.
1017 3075 1067 3137 Ac
1087 3078 1171 3139 mata

136 3175 210 3237 mihi
229 3175 286 3249 sit,
306 3176 478 3251 Bilibaldc,
500 3179 640 3240 nobilem
659 3175 685 3237 si
706 3199 755 3237 me
774 3188 872 3256 puto,
895 3177 1170 3259 quamquamhoo

137 3274 266 3348 ordina,
293 3277 350 3336 hac
368 3276 504 3351 familia,
534 3277 581 3339 his
601 3289 690 3338 ortus
710 3276 911 3355 parentibus,
944 3276 1075 3339 nisime
1098 3277 1170 3357 ipsc

136 3373 246 3438 fecero
274 3395 324 3435 me
351 3385 422 3453 apte
450 3375 614 3438 industria.
654 3378 781 3457 Quippe
800 3377 902 3456 majus
923 3397 1005 3457 opus
1026 3398 1169 3454 move03

136 3474 227 3537 altius
246 3475 394 3537 meditor.
434 3478 508 3537 Non
532 3477 580 3552 **)
605 3476 734 3558 quidem
765 3478 799 3539 in
830 3478 1000 3541 editiorem
1028 3479 1171 3560 splendi-

137 3574 236 3638 dioris
261 3575 383 3639 familiae
406 3578 511 3641 locum
530 3589 567 3639 ut
586 3589 761 3653 transeam,
799 3577 856 3639 sed
876 3579 1001 3641 alirmde
1022 3591 1060 3642 ut
1080 3600 1171 3662 que·

136 3696 203 3739 ram
217 3674 285 3748 ***)
311 3675 500 3751 nobilitatis,
526 3678 568 3738 de
597 3698 660 3758 qua
687 3679 849 3753 hauriam,
884 3679 1110 3761 scaturiginem
1135 3681 1170 3744 id

136 3787 229 3857 puta,
243 3773 327 3850 ****)
341 3787 506 3858 satagens:
528 3788 564 3837 ut
582 3798 648 3839 non
664 3800 706 3840 cx
722 3777 912 3859 imaginariis
931 3779 989 3841 illis
1004 3780 1168 3844 nobilibus

137 3886 257 3936 tantum
275 3894 426 3949 censear;
460 3887 513 3938 aut
533 3897 591 3950 eo,
622 3879 711 3957 quod
729 3899 747 3940 a
765 3878 940 3957 majoribus
959 3879 1022 3942 mei
1041 3881 1169 3963 accepi,

137 3984 306 4035 contentus
326 3976 400 4050 sim,
421 3997 534 4039 verum
552 3976 672 4059 aliquid
692 3979 733 4041 ad
749 3979 822 4040 istas
840 3981 952 4055 dotes,
974 3983 1097 4061 quoda
1114 4002 1169 4047 me

169 4199 199 4262 ⁴)
218 4209 257 4252 tttr
273 4222 346 4265 quam
363 4221 434 4256 us-
446 4230 548 4263 saetam.
572 4218 619 4264 uad
637 4217 747 4264 Detmte:
768 4217 949 4265 aersclmitteae
967 4209 1165 4278 Verlessemng.

170 4280 203 4348 ⁸)
220 4291 295 4337 Nou:
322 4306 378 4339 uon.
425 4289 482 4353 m)
500 4309 528 4347 us
554 4314 687 4362 quaram,-
717 4313 828 4361 quaerero.
878 4294 957 4361 Μ)
981 4316 1027 4351 vor
1053 4308 1167 4364 salagast

171 4373 198 4423 ll
211 4379 274 4431 puta
295 4374 427 4436 heirst'tgt.
