2632 5086
987 29 1077 53 δυ’,
1104 29 1219 59 Ε”Ὶιϊν
1267 30 1271 33 “
1285 32 1302 49 1¹·

951 60 995 81 ’,Ιι
1015 68 1021 79 ι
1035 70 1037 77 ι
1155 64 1168 86 fi
1184 58 1207 77 'n'
1261 52 1300 77 1.·

75 29 780 393 -Ξ
800 128 807 149 ⁸
952 122 960 401 Ι

327 814 385 888 Ad
408 812 638 886 Fridericum
662 812 742 888 Sax.
766 814 862 888 Duc.
890 815 998 913 epist.
1103 823 1173 897 6⁰6

151 1008 269 1075 alienos
290 1005 503 1070 Christianum
518 1026 635 1070 nomen
654 1004 804 1077 reddidit.
839 1010 911 1073 Erit
929 1010 991 1074 hoe
1014 1010 1173 1078 adflixisse

149 1109 353 1170 fluctuantem
364 1108 458 1170 Petri
473 1108 663 1182 naviculam,
689 1108 891 1181 destruxisse
905 1112 1068 1175 eeclesiam
1090 1114 1174 1177 nei?

151 1220 185 1289 et
206 1208 485 1291 (quemadmodum
512 1211 655 1292 sacrilegi
685 1213 816 1274 clamant
847 1212 1055 1288 Bomnrristse,
1089 1214 1174 1278 toedn

151 1309 344 1401 vociferatur
376 1310 609 1389 Epicureorum
641 1313 759 1385 sehota)
793 1306 1014 1377 inconsutilem
1042 1314 1174 1379 Domini

151 1409 286 1471 tunicam
305 1409 532 1492 discerpsisse?
551 1432 591 1473 an
610 1433 690 1475 vero
708 1410 888 1493 accersione
906 1425 953 1477 tot
967 1416 1171 1496 populorum,

151 1512 321 1574 emendaris
352 1501 478 1592 publice
509 1512 673 1589 moribus,
714 1525 746 1576 et
777 1514 969 1596 contagiosis
1002 1513 1109 1577 ablatis
1138 1534 1173 1580 et

150 1612 255 1673 medio
285 1612 458 1694 exemplis,
491 1613 705 1697 depurgasse,
737 1616 926 1694 provexisse
954 1625 987 1674 et
1014 1613 1171 1678 auxisse?

149 1713 250 1775 Vides
290 1713 407 1795 igitur,
451 1734 546 1795 quam
583 1715 681 1777 nolim
717 1716 864 1777 abolitam
894 1715 1075 1788 caritatem3
1114 1715 1172 1778 sed

149 1814 281 1876 devietis
299 1813 352 1887 iis,
373 1836 441 1895 quae
458 1814 599 1890 obstant,
615 1817 721 1877 locum
738 1816 797 1895 ipsi
814 1816 944 1881 facere?
963 1836 1057 1900 quum
1073 1814 1172 1879 notin

148 1914 337 1975 destructam
364 1915 547 1991 ecclesiam,
578 1916 647 1992 sed,
677 1916 824 1999 retegatis
844 1915 1041 1979 Antichristis
1068 1917 1171 1996 impo-

148 2013 302 2087 storibus,
332 2013 414 2077 bene
440 2014 624 2079 Christianis
645 2016 715 2092 his,
743 2028 775 2077 et
794 2016 865 2078 vitm
885 2016 1064 2079 sinceritate
1084 2036 1170 2079 com·

148 2113 319 2189 mendatis,
352 2115 391 2175 ad
417 2116 556 2177 ecclesiae
583 2137 689 2179 curam
715 2116 856 2198 praebere
879 2116 1019 2181 aditum?
1057 2116 1170 2200 ltaque

146 2213 208 2275 hoc
238 2214 297 2275 crit
328 2215 451 2277 restitui
482 2216 664 2293 caritatem,
699 2217 809 2299 augeri
840 2217 1002 2278 ecclesiam
1032 2227 1064 2279 et
1092 2217 1170 2279 dnm

147 2306 329 2375 Christiano
357 2315 389 2375 in
417 2316 600 2379 universnm
625 2301 1019 2399 reipublicaeconsutitur,
1051 2335 1168 2397 magno

144 2412 269 2475 interim
297 2416 467 2479 commodo
498 2417 629 2496 patriam
660 2417 806 2485 adficere.
855 2418 935 2479 Nam
965 2416 1058 2479 facite
1085 2416 1168 2478 inter

145 2516 279 2596 aquales
310 2516 482 2588 eorrvenit3
517 2528 550 2578 et
580 2517 637 2600 qui
668 2516 738 2576 vim
769 2514 971 2577 similitudine
1002 2525 1166 2590 tenentur,

144 2626 288 2685 mutuum
314 2617 502 2694 plerumque
521 2635 661 2677 amorem
680 2615 763 2675 ultro
786 2613 979 2694 concipiunt.
1017 2612 1166 2696 Expulsis

145 2729 248 2777 antem
266 2713 392 2793 ignavia
408 2711 510 2788 tucis,
531 2714 687 2777 melliferae
702 2713 894 2777 advolabunt
913 2733 1008 2794 apes,
1028 2734 1098 2797 qun
1116 2731 1166 2777 se-

145 2834 221 2876 cure
241 2813 298 2875 ista
324 2813 417 2874 nobis
437 2813 601 2875 restituent
620 2813 765 2875 alvearia.
805 2814 853 2877 lbi
878 2830 943 2877 tum
962 2812 1085 2879 reddita
1104 2813 1165 2878 sibi

144 2915 243 2995 pietas
263 2936 298 2978 se
318 2927 383 2978 tuto
410 2916 558 2978 consistet
571 2937 590 2987 ς-
609 2913 790 2996 poteritque
814 2915 939 2977 durare.
977 2916 1058 2976 Nam
1079 2914 1165 2977 haud

144 3014 442 3078 erunt0irritamenta
460 3017 614 3078 matorum
634 3012 766 3089 divitiae,
788 3033 893 3096 neque
914 3014 953 3075 ad
973 3012 1043 3073 vitae
1062 3015 1165 3077 disse·

142 3117 293 3179 tutionem
313 3117 439 3180 vocabit
466 3116 566 3180 moltis
590 3136 687 3198 opum
704 3114 839 3177 luxuria.
877 3113 954 3175 Hoec
972 3102 1091 3176 utinam
1110 3124 1165 3175 ant

142 3219 264 3282 velletis
289 3239 367 3294 vos,
398 3216 454 3301 qui
473 3220 626 3298 potestis,
657 3226 709 3278 aut
733 3232 859 3296 possem
886 3230 967 3294 ego,
995 3211 1051 3294 qui
1075 3214 1162 3275 voto.

144 3318 285 3399 Quodsi
303 3320 431 3382 flectere
452 3338 511 3380 vos
530 3315 706 3399 nequiere,
727 3336 834 3399 neque
852 3314 925 3376 aiibi
944 3313 1036 3377 etiam
1054 3313 1165 3379 incen-

143 3418 245 3495 dium,
282 3441 346 3502 quo
364 3421 430 3481 haee
447 3416 634 3491 adurantur,
661 3419 813 3491 excitare,
843 3415 932 3500 qnod
952 3425 1099 3496 praestare
1116 3425 1162 3480 te·

142 3539 216 3581 men
237 3521 323 3581 solus
336 3530 471 3600 potero,
497 3517 573 3579 nihii
591 3517 748 3581 admittam
765 3515 843 3579 forti
858 3516 1023 3599 indignum
1041 3516 1162 3600 equite.

142 3619 257 3700 Neque
271 3632 412 3700 unquam
428 3619 547 3696 (donec
560 3619 689 3702 quidem
700 3639 774 3681 serra
785 3618 861 3681 mihi
875 3638 962 3680 mens
979 3617 1159 3695 constabit),

142 3719 191 3779 vel
220 3716 372 3778 tantillum
398 3719 438 3780 nh
466 3719 524 3794 iis,
563 3741 634 3802 quae
658 3719 829 3802 proposui,
856 3718 1029 3781 discedam:
1063 3719 1161 3782 vestri

141 3829 266 3894 autem,
301 3837 384 3900 quos
415 3839 433 3880 a
461 3817 544 3880 virili
573 3818 762 3884 fortitudine
792 3820 987 3901 degenerare
1023 3819 1157 3896 videbo,

141 3917 312 4001 (siquidem
338 3916 484 3991 videbo),
512 3919 707 3997 miserebor,
736 3921 935 4003 maneboque
955 3918 1054 3995 tiber,
1085 3921 1160 4003 quia

139 4014 273 4082 mertem
299 4039 365 4081 non
390 4019 497 4081 timeo.
535 4021 650 4103 troque
670 4042 808 4104 unquam
829 4020 869 4081 de
888 4018 1032 4082 Hntteno
1054 4019 1159 4084 anitia-

140 4134 212 4198 tur,
241 4119 330 4204 quod
349 4119 474 4181 externi
493 4119 625 4199 aiicujus
645 4120 747 4202 regis,
781 4131 917 4204 quantus
937 4132 1073 4203 quantus
1098 4120 1159 4183 erit

140 4223 207 4300 itte,
233 4226 351 4289 nedum
372 4206 482 4306 ignavi
505 4220 679 4302 pontificis,
704 4221 851 4302 imperata
876 4220 979 4283 iaciat.
1021 4221 1158 4283 'sontum

141 4323 256 4400 aberit,
286 4336 321 4387 nt
340 4324 423 4386 iiiam
448 4322 613 4383 vobiscum
632 4321 762 4385 adorem
782 4322 997 4405 multicipitem
1016 4321 1155 4399 bestiam,

142 4443 239 4506 quum
262 4424 336 4507 quia
354 4443 421 4485 non
439 4423 523 4486 ieret
551 4423 614 4485 hoc
632 4442 703 4486 mea
727 4434 859 4533 namra,
894 4443 1000 4506 neque
1018 4443 1069 4489 me
1086 4423 1157 4513 dig·
