2632 5086
143 778 209 850 rot
316 773 359 849 In
387 770 573 843 Ulrichum
596 770 980 873 iisiirtenbcrgenaem

112 962 117 971 ’
138 980 235 1042 tanta,
255 967 317 1030 Dei
342 962 521 1044 adjutorio,
548 962 674 1045 Deiquc
692 967 768 1025 cura
787 974 819 1025 et
839 962 1005 1037 instinctu,
1033 962 1166 1043 depulsa

137 1071 176 1131 ab
196 1070 253 1132 hac
276 1068 423 1139 natioue,
452 1065 513 1127 hoe
534 1064 668 1142 imperio
694 1062 880 1136 calamitate,
914 1063 1043 1125 decenti
1071 1064 1166 1127 nobis

131 1168 296 1251 patimur?
324 1168 456 1245 Qualem
470 1165 553 1227 enim
568 1186 610 1227 ex
623 1163 767 1247 utrinque
776 1162 839 1241 jam
852 1184 1007 1227 annorum
1018 1164 1166 1245 caligine,

137 1272 194 1334 toti
213 1268 389 1332 Germaniae
405 1269 507 1328 lucem
524 1263 725 1328 invenimus?
760 1266 862 1344 Quem
880 1262 1027 1326 omnibus
1045 1275 1167 1325 metum

136 1369 336 1435 ademimus?
387 1389 481 1448 quam
518 1366 644 1449 publice
681 1376 800 1445 pestem
833 1364 1056 1427 detraximus?
1093 1386 1165 1447 qum

136 1474 254 1535 sactum
278 1481 421 1531 nostrum
438 1467 680 1547 respirationes,
706 1486 819 1527 corum
843 1465 955 1541 etiam,
983 1465 1040 1549 qui
1058 1466 1166 1528 couci·

136 1574 247 1635 «teram
263 1568 325 1648 jum
339 1590 455 1651 prope,
478 1579 591 1629 secutae
610 1565 708 1628 stud?
728 1569 805 1648 Quae
824 1587 866 1625 ex
884 1566 1044 1645 insperato
1063 1587 1166 1629 emer·

137 1682 247 1735 seramt
265 1668 449 1731 libertates?
482 1668 569 1748 Quid
587 1666 645 1729 ni?
680 1668 750 1728 Jcrn
767 1678 953 1746 apparuerat
970 1666 1071 1742 euim,
1096 1690 1164 1753 quo

137 1770 289 1855 progredi
310 1770 395 1831 idum
414 1767 498 1849 pessi
515 1788 677 1841 essemus,
697 1778 851 1850 quatenus
868 1768 995 1841 furere,
1017 1767 1050 1829 iu
1070 1790 1164 1851 (pram

137 1893 242 1937 arcem
266 1891 336 1931 sese
358 1869 527 1949 recipere,
559 1868 674 1950 quibus
700 1867 851 1947 prusidiis
874 1869 1089 1943 courmuuire,
1123 1871 1163 1932 ad

138 1994 233 2056 quam
260 1970 407 2033 fiduciam
438 1967 664 2029 conscendere.
722 1967 805 2048 Qui,
837 1989 907 2029 cum
934 1969 1015 2031 idam
1046 1970 1164 2051 publici

137 2075 261 2153 plenam
274 2068 405 2150 periculi
421 2065 660 2146 expeditionem
676 2080 829 2143 sumeret,
849 2090 908 2131 suo
924 2072 999 2131 arria·
1013 2069 1166 2152 magistro

138 2170 272 2253 patrium
299 2188 433 2250 regnum
461 2165 637 2241 commisit,
678 2190 713 2229 se
750 2169 834 2230 aiiaad
875 2172 963 2252 quod
996 2170 1165 2251 gubernet,

138 2271 309 2351 concipere
334 2269 489 2331 dictitans.
537 2269 582 2330 At
610 2267 688 2349 quid
715 2269 931 2349 concepisset,
966 2273 1062 2349 paulo
1091 2282 1166 2353 post

139 2383 272 2437 eventus
291 2369 415 2444 docuit,
448 2389 514 2430 non
538 2367 665 2449 quidem
693 2370 782 2450 quod
803 2368 894 2431 facite
920 2369 962 2431 itti
986 2370 1163 2448 videbatur,

140 2473 304 2537 Bavariam
325 2483 361 2531 ut
379 2478 551 2550 occuparet
572 2468 683 2542 arrius,
716 2471 775 2531 sed
801 2470 985 2532 universum
1010 2473 1163 2533 continuo

141 2573 227 2636 orbis
251 2571 417 2653 imperium
437 2580 472 2631 ut
496 2568 695 2642 vendicaret,
725 2590 758 2629 se
777 2589 887 2649 regem
907 2569 1043 2644 diceret,
1073 2584 1167 2634 rene

48 2678 51 2683 “
140 2674 313 2733 eiectonrm
347 2670 399 2746 jus
430 2669 651 2746 abrumperet,
689 2668 899 2729 venerandam
931 2670 1025 2747 hujus
1060 2672 1168 2751 patriar

139 2768 402 2831 consuetudinem
421 2767 576 2830 iiluderet.
617 2766 680 2846 Qui
696 2768 799 2828 donec
812 2767 1046 2845 vigilantissima
1060 2771 1168 2834 Maxi·

139 2869 255 2947 miliani
273 2889 348 2930 cura
366 2869 611 2948 circumseptus,
639 2869 758 2928 rudium
779 2867 959 2929 inveniebat
980 2869 1085 2934 furori
1105 2892 1167 2936 suo

138 2970 274 3046 exitum,
304 2969 448 3052 undique
468 2967 573 3030 omnia
591 2971 711 3041 clausa,
741 2979 773 3027 et
791 2969 982 3031 communita
1005 2973 1168 3050 cernebat,

139 3092 174 3135 se
194 3070 396 3153 providentia
420 3070 504 3132 senis
531 3070 572 3130 ita
595 3068 773 3144 observari,
800 3081 836 3130 ut
855 3071 1008 3153 quicquid
1035 3084 1168 3136 attenta·

139 3180 205 3247 ret,
234 3170 419 3253 priusquam
436 3171 680 3252 aggrederetur,
712 3169 775 3245 jam
796 3171 970 3248 praevidere
991 3174 1075 3236 idum
1092 3195 1167 3256 per·

139 3270 290 3352 spiceret,
317 3270 474 3331 continuit
490 3292 525 3332 se
549 3270 694 3351 quidem,
720 3273 874 3334 nullasne
896 3276 1078 3350 vobrntate,
1107 3277 1167 3340 scd

138 3369 334 3441 necessario,
355 3378 385 3428 at
401 3367 457 3428 ubi
474 3367 536 3429 vita
554 3371 729 3433 excessisse
745 3371 829 3433 illum
847 3375 1017 3454 comperit,
1037 3396 1167 3441 suarum

138 3470 345 3552 cupiditatum
364 3465 606 3543 irustrutorem,
636 3471 711 3531 ittud
730 3484 900 3534 couamum
917 3496 1048 3537 suorum
1066 3476 1168 3557 impe·

138 3569 334 3641 dimentum,
357 3567 442 3629 idum
460 3568 592 3647 impetus
610 3569 659 3629 sui
680 3573 888 3647 tardatorcm,
909 3575 1006 3636 credo
1021 3578 1165 3640 nondum

138 3670 212 3734 satis
230 3668 423 3749 perfrixerat
448 3668 606 3730 demortui
629 3690 761 3750 corpus,
794 3693 865 3733 cum
889 3673 980 3756 qussi
1004 3678 1166 3758 perruptis

137 3768 288 3834 custodie
316 3790 379 3831 suae
402 3767 555 3843 vinculis,
588 3770 746 3848 patefacto
770 3791 895 3833 carcerc
918 3774 1070 3852 emissus,
1101 3798 1166 3853 Jarn

136 3871 235 3945 tiber,
266 3879 298 3932 et
314 3872 454 3943 solutus,
484 3869 599 3953 suique
619 3891 749 3953 compos
770 3874 885 3953 erupit.
924 3877 965 3935 Et
983 3876 1166 3956 rapinarum

138 3970 267 4054 quidem
283 3990 413 4033 sumrrm
432 3969 600 4049 primitium
621 3973 797 4053 auspicatus
817 3987 865 4037 est
888 3974 1047 4054 imperiale
1071 3980 1166 4059 oppi-

136 4070 468 4151 dumReuthliugum,
490 4072 578 4153 quod
593 4074 676 4133 nulla
693 4073 765 4134 betti
780 4094 891 4148 causa,
918 4077 974 4136 sed
992 4076 1167 4157 diripiendi

138 4170 324 4246 occasione,
345 4182 376 4232 et
393 4169 467 4252 (pria
484 4183 591 4234 certus
605 4173 772 4236 videbatur
789 4175 867 4250 sibi,
889 4197 959 4258 quae
978 4177 1018 4238 ad
1034 4191 1166 4243 secutu-

135 4292 208 4333 rum
227 4271 304 4333 vivo
323 4270 540 4333 Maximdiano
565 4273 803 4353 desperaverat,
831 4296 871 4336 eo
889 4288 1037 4353 mortuo,
1066 4300 1164 4343 oceu-

135 4392 230 4452 paro,
249 4372 447 4457 iniquissimo
465 4373 539 4435 anui
556 4385 715 4454 tempore,
736 4375 878 4440 nuens
893 4376 1045 4458 operibus
1060 4380 1165 4445 statim
