2632 5086
366 714 471 792 Trias
494 716 661 791 Romana
689 714 878 819 Dialogus.
1058 720 1133 805 ⁴96

512 908 728 973 Ernhold.

187 1029 283 1113 Quod
302 1029 385 1095 bulla
403 1026 571 1135 pontifici·

544 1144 709 1207 Hutten.

186 1263 226 1322 Et
244 1273 346 1323 tamen
366 1282 433 1324 eam
443 1306 452 1337 ,
473 1272 509 1321 nt
527 1259 601 1323 nihtt
615 1270 765 1346 praeterea
776 1275 921 1327 metuunt
939 1264 1092 1329 homines.

508 1377 720 1440 Ernhold.

181 1479 266 1562 Quid
275 1491 360 1563 stum,
377 1477 465 1561 quod
476 1475 600 1540 illorum
613 1498 691 1558 opes
702 1477 747 1540 sic
758 1479 915 1562 acquisitae
928 1479 966 1540 ab
980 1479 1045 1541 aliis
1058 1500 1130 1561 spe·

106 1592 231 1656 rantur,
241 1580 307 1666 aliis
317 1591 389 1641 sunt
400 1577 674 1641 sorntidabiles?et
686 1579 773 1660 quod
784 1582 893 1642 orbem
906 1578 1131 1657 Christianum,

107 1681 163 1742 sed
180 1678 380 1743 Germaniam
398 1677 538 1759 inprimis
557 1677 653 1754 suco,
678 1695 711 1739 et
731 1679 893 1762 praestigiis
912 1679 977 1742 suis
995 1679 1131 1743 infatua·

108 1789 173 1841 tum
194 1778 329 1838 teuent?
358 1777 516 1859 principes
539 1779 624 1858 ipsos
652 1781 692 1841 ad
721 1794 838 1845 merant
857 1800 959 1859 prope
980 1780 1129 1844 insaniam

106 1879 318 1959 redegerunt,
339 1879 541 1963 quibuscum
560 1899 648 1941 rosas
668 1878 794 1942 mittunt
811 1880 851 1941 ab
866 1901 904 1943 se
919 1893 1128 1958 consecratas,

106 1989 138 2038 et
157 1977 296 2058 gladios,
327 1991 358 2040 et
378 1982 520 2063 galeros,
551 1999 571 2040 o
591 1979 645 2041 Dii
665 1981 869 2042 immortales!
902 2002 995 2063 (putam
1017 1981 1130 2046 ineunt

106 2077 255 2159 gratiam,
284 2098 360 2160 qum
380 2077 522 2141 vicissim
543 2097 640 2159 opes,
668 2102 737 2161 quae
765 2081 930 2163 commoda
960 2081 1127 2163 recipiunt.

106 2178 152 2239 llli
172 2199 269 2252 vero,
291 2177 346 2261 qui
366 2179 429 2240 haec
448 2180 596 2242 adserunt
629 2183 827 2264 apontiltce,
849 2202 911 2265 qaia
930 2203 964 2244 se
985 2182 1127 2266 magnill-

105 2279 223 2355 centia,
245 2301 311 2362 quo
332 2282 418 2341 cultu
438 2279 563 2343 tractari
581 2279 718 2360 jubent?
745 2281 861 2343 Vidisti
881 2283 1047 2363 quemdam
1066 2303 1127 2345 nu·

105 2402 161 2462 per
180 2382 391 2443 oratorculum
417 2378 594 2462 pontificis,
626 2380 681 2465 qui
701 2400 805 2447 rosam
832 2379 954 2443 ferebat
973 2380 1006 2442 in
1026 2380 1127 2445 Saxo·

104 2481 201 2555 niam,
222 2481 414 2560 nolebatque
434 2480 550 2540 offerre
567 2474 655 2553 cam,
687 2478 747 2543 nisi
768 2502 785 2543 a
804 2480 947 2565 principa
971 2480 1124 2564 episcopo

105 2581 195 2639 fieret
215 2579 246 2638 in
267 2577 426 2638 oblatione
446 2576 513 2657 ipsa
525 2578 720 2642 sacrificium.
745 2581 792 2642 lta
805 2582 939 2664 quadam
952 2581 984 2645 in
996 2603 1125 2664 pompa,

46 2676 54 2687 “
104 2690 135 2740 et
154 2676 280 2757 publica
300 2674 478 2738 'celebritate
497 2689 624 2758 oportet
640 2680 799 2763 explicare
818 2682 996 2761 pontificias
1011 2703 1124 2766 nugas,

104 2792 135 2839 et
154 2779 328 2839 Romanam
356 2777 620 2859 superstitionem.
670 2780 734 2841 Sed
760 2781 824 2842 luec
849 2783 917 2845 fleri
943 2784 994 2845 hic
1012 2800 1124 2864 parurn

102 2890 203 2953 esset,
229 2877 287 2941 nisi
316 2889 347 2939 et
373 2879 506 2940 Romam
531 2880 632 2943 iretur
656 2877 777 2961 ingenti
800 2891 927 2961 sumptu
951 2884 1123 2948 osculatum

102 2981 259 3063 pontificis
280 2981 393 3062 pedes,
416 2991 450 3042 et
468 2982 593 3058 nescio,
618 2978 696 3063 qui'd
716 2977 790 3042 inde
810 2979 932 3041 allatum
957 2980 1028 3043 bele.

526 3099 558 3160 H
567 3121 587 3161 u
599 3109 699 3160 tten.

173 3190 287 3282 Neque
304 3219 367 3281 ego
385 3198 470 3275 scio,
491 3209 657 3278 preterea,
678 3220 747 3283 que
761 3217 857 3281 supra
869 3197 1022 3278 exposui,
1042 3196 1121 3282 quid

99 3298 240 3359 atrlerant
261 3298 299 3360 ab
318 3299 414 3375 urbe,
436 3301 489 3382 qui
509 3314 577 3361 eam
595 3301 758 3362 accedunt.
796 3299 893 3364 Certe
912 3295 972 3362 tria
987 3298 1119 3362 vetitum

101 3419 168 3459 esse
184 3401 285 3461 Roma
298 3401 460 3480 exportari
475 3398 632 3463 Vadiscua
647 3399 770 3477 retulit,
786 3416 846 3464 nee
859 3400 958 3462 vetito
973 3397 1018 3460 ibi
1035 3418 1118 3482 opus

101 3507 179 3557 erat:
194 3509 372 3560 sanctorum
383 3501 545 3584 reliquias,
559 3522 628 3585 quar
640 3499 735 3562 anibi
749 3499 810 3561 sint
824 3501 931 3582 quales
946 3500 1118 3562 ostendun-

100 3610 166 3671 tur,
188 3608 318 3677 propter
332 3601 510 3682 anbigaam
525 3603 609 3683 apud
620 3618 729 3662 omnes
748 3600 789 3661 de
802 3601 944 3662 Romana
964 3600 1028 3662 lide
1047 3598 1118 3681 o'pi-

100 3698 239 3771 nionem,
254 3697 404 3759 incertum
419 3711 478 3775 eat,
493 3701 628 3782 grandes
639 3699 776 3780 lapides,
795 3720 877 3782 quos
891 3697 1009 3783 alioqui
1021 3718 1116 3761 nemo

98 3800 279 3879 deportaret
290 3797 441 3874 sacile,et
455 3798 619 3880 pietatem,
638 3820 709 3882 qma
722 3801 847 3880 penitus
859 3799 905 3861 ibi
920 3801 1005 3862 nulla
1020 3810 1077 3861 est.

549 3937 566 3977 r
604 3915 714 3977 hold.

171 4015 303 4077 Publice
317 4014 444 4098 quidem
463 3917 561 4094 nuliis,
575 3938 731 4099 ¹privatim
747 4013 832 4096 apud
847 4014 1001 4097 simplices
1021 4035 1113 4099 quas·

97 4117 165 4179 dam
180 4128 351 4192 matronas,
371 4128 407 4178 ut
426 4117 517 4180 valde
538 4116 694 4193 dubitem,
712 4134 754 4177 an
772 4117 958 4178 centesimus
976 4117 1112 4198 quisque

98 4217 358 4295 Romanunm,
385 4218 437 4279 vel
457 4217 659 4291 mediocriter
684 4219 738 4297 pie
763 4217 806 4279 de
825 4214 980 4301 religione
999 4216 1112 4278 seruiat

97 4336 188 4378 nunc.
