2632 5086
271 718 552 801 munderici.
576 724 708 798 Piscat
733 722 918 823 Epistola.-
1034 736 1102 807 155

1245 792 1266 831 Q

74 934 161 1006 agat.
194 920 303 985 Habet
334 920 392 983 hac
415 917 553 1005 regione
584 919 668 982 hand
696 917 790 981 facile
818 919 906 981 aliam
936 918 1106 987 Germania

77 1022 299 1106 pulchriorem.
355 1022 446 1101 Ager
476 1017 638 1101 optimus,
669 1021 778 1105 cdnrn
810 1019 889 1081 mire
920 1020 1040 1085 bonnm
1064 1035 1104 1086 et

75 1124 223 1199 salubre,
245 1130 390 1195 montes,
417 1131 524 1201 prata,
548 1121 664 1194 valles,
683 1102 837 1196 firmina,
857 1120 979 1199 sontes,
1000 1110 1115 1203 silure,¹

74 1222 283 1292 amoenissima
301 1223 427 1297 onmia,
450 1220 562 1299 lruges
581 1231 617 1283 ut
636 1220 692 1283 vix
711 1220 783 1284 alibi
804 1234 964 1303 proventu
983 1224 1102 1289 faciles.

72 1327 161 1388 Vina
189 1334 225 1385 ut
250 1324 284 1384 in
308 1321 355 1385 lris
380 1320 468 1385 locis.
513 1323 615 1405 lpsam
638 1322 875 1409 Studqordiom
898 1337 990 1389 terras
1013 1348 1103 1409 para·

71 1429 177 1489 disum
196 1424 354 1505 appellant
382 1420 490 1485 Suevi.
530 1423 576 1486 lta
595 1423 657 1485 situ
682 1436 730 1486 est
749 1440 883 1489 amoeno.
920 1429 1021 1508 Quam
1041 1429 1104 1493 tuit

73 1529 241 1609 indiguum
260 1523 400 1605 pessimo
419 1523 481 1586 sub
502 1524 642 1599 latrone,
665 1535 713 1587 tot
732 1546 803 1590 esse
821 1528 921 1602 bona,
947 1542 1101 1595 rueretur·

75 1649 137 1713 que
163 1624 342 1707 principem
366 1637 449 1687 terra
472 1626 537 1686 llaec
562 1625 693 1690 bonurn.
733 1627 874 1707 Tyranni
899 1629 1016 1693 liberos
1033 1638 1101 1695 Tu.

72 1732 175 1808 brayo
192 1737 365 1807 repertos,
390 1722 480 1787 multi
504 1725 538 1787 in
559 1726 700 1788 Bavaros
722 1729 930 1806 asportandos
949 1732 1101 1809 suadent,

72 1829 121 1892 alii
143 1827 218 1890 alio.
257 1827 377 1907 Magna
403 1837 527 1906 reperta
545 1846 677 1888 annona
699 1826 758 1890 vis.
799 1824 1048 1895 'fomentorum
1065 1842 1101 1895 et

72 1953 142 2015 quae
169 1928 212 1990 ad
234 1928 351 1990 lscllum
376 1938 450 1990 sunt
472 1925 683 1989 machinarum
702 1927 778 1990 nulli
796 1927 859 1992 luit
876 1931 910 1993 in
929 1932 1100 1999 Germania

69 2028 234 2112 principi,
267 2038 321 2088 aut
350 2027 454 2107 major
483 2027 595 2107 copia,
628 2039 682 2091 ant
710 2029 894 2096 instructior
922 2046 1100 2116 apparatus·

69 2134 115 2193 Ea
137 2129 245 2192 omnia
264 2130 488 2202 extrahuntur,
516 2151 556 2191 ne
577 2131 603 2190 si
625 2132 755 2212 quando
774 2133 884 2196 redeat
903 2134 970 2210 ille,
993 2135 1103 2201 furori·

68 2233 278 2295 instrumenta
298 2250 359 2293 suo
383 2229 532 2291 inveniat.
571 2230 658 2309 Quid
685 2230 755 2295 ais?
785 2233 818 2295 Si
837 2236 956 2299 redeat.
1001 2237 1044 2298 Et
1061 2248 1101 2300 nt
1184 2268 1196 2307 ,ι

69 2334 181 2396 rcrleat
198 2330 269 2394 lieri
290 2330 421 2411 potest?
441 2331 515 2392 Non
535 2329 682 2393 arbitror.
723 2334 845 2396 'famen
865 2334 891 2396 si
912 2335 1022 2398 redeat
1029 2382 1039 2412 ,
1064 2348 1098 2399 ta
1179 2290 1266 2441 Q

71 2433 145 2497 istic
172 2432 286 2495 habeut
320 2430 442 2506 studia,
481 2430 558 2493 nihil
594 2430 678 2492 aliud
710 2445 865 2516 agentem.
921 2435 1098 2503 Germani·
1166 2414 1237 2457 ⁸⁵*

72 2544 186 2596 nostrae
212 2534 439 2615 congratulor,
474 2553 510 2595 ac
538 2532 606 2613 ipse
634 2535 780 2615 gaudeo,
816 2533 957 2617 incipere
987 2536 1097 2607 animis

68 2636 175 2697 valere
201 2644 331 2695 nostros
356 2633 508 2694 homines.
559 2642 652 2698 Croto
679 2635 797 2700 scribes
823 2637 855 2699 iu
882 2637 1000 2702 ltaliam
1027 2662 1097 2723 quas
1256 2642 1285 2693 ’ἵν

66 2746 207 2818 aguntur
224 2731 275 2794 hic
289 2730 410 2808 omnia,
430 2755 501 2795 uam
515 2732 566 2795 hic
580 2736 612 2808 ⁰)
631 2734 734 2798 literas
755 2737 810 2818 qui
831 2738 991 2819 perierant
1010 2741 1096 2804 lraud
1226 2728 1229 2733 ¹

66 2846 148 2897 sunt.
195 2831 317 2911 Accepi
347 2855 406 2914 per
431 2834 488 2897 hos
516 2833 584 2896 dies
611 2834 732 2917 aliquot
758 2838 926 2901 doctorum
952 2841 1098 2905 virorum

65 2938 182 3002 literas.
221 2935 321 3016 Apud
341 2933 545 2997 Canstadinm
563 2945 698 3000 Erosmi
715 2945 747 2997 et
765 2935 798 2998 in
819 2939 965 3002 Thermis
984 2940 1096 3005 ferinis

66 3048 252 3109 Her-manni
279 3047 410 3103 Buschii
434 3058 470 3098 ac
497 3047 591 3105 Beati
614 3047 776 3104 RJsenom‘.
822 3039 859 3100 ln
888 3039 1015 3102 thermis
1046 3060 1097 3103 ao·

66 3142 177 3223 cepisti
197 3139 329 3223 inquis?
365 3139 403 3200 ln
431 3139 505 3221 ipsis
531 3139 590 3201 illis
610 3147 796 3203 Friderr'chc
816 3137 954 3203 thermis.
994 3140 1096 3203 'santa

69 3256 113 3305 est
127 3246 191 3306 hoc
210 3240 245 3304 in
260 3240 342 3301 bello
362 3240 512 3303 securitas
532 3240 632 3316 enirn,
654 3251 688 3300 ut
706 3242 810 3300 lavent
829 3239 921 3302 etiam
939 3240 1094 3307 homines.

70 3346 143 3423 Quo
158 3344 208 3416 ⁹⁶)
227 3341 332 3403 minus
359 3342 522 3424 quomodo
543 3340 629 3403 serre
649 3338 767 3420 possim
787 3339 901 3403 militia
920 3339 1093 3404 incommo-

67 3444 107 3505 da
120 3442 230 3506 mirari
244 3440 353 3505 debes.
389 3453 556 3506 Andream
574 3461 603 3504 ct
618 3450 773 3507 sacobum
796 3453 953 3523 Vulpinos
969 3443 1094 3506 Baban-

64 3544 194 3627 bergam
213 3541 357 3604 scribens
384 3543 530 3606 salutabis
555 3566 596 3606 cx
622 3564 672 3607 me
691 3542 894 3605 familiariter.
931 3552 1092 3611 Bilibolslo

62 3642 174 3724 scripsi
188 3664 232 3703 err
247 3642 476 3725 Rotenburgo,
497 3655 529 3705 et
544 3644 768 3707 Phalarismum
785 3643 949 3707 transmisi.
988 3646 1093 3707 'l'enet

61 3767 111 3807 me
124 3743 292 3824 quoddam
304 3744 533 3827 tranquillitatis
545 3743 755 3821 desiderium,
776 3766 870 3828 quarn
882 3743 957 3807 olim
978 3744 1091 3807 ineam·

63 3845 116 3907 Ad
141 3846 205 3906 lroc
230 3863 312 3923 opus
332 3865 436 3906 uxore
456 3856 519 3920 est,
552 3866 620 3926 qno
647 3866 698 3907 mc
724 3854 823 3908 curet.
862 3845 954 3907 Nosti
973 3863 1089 3907 mores.

63 3945 139 4005 lton
163 3942 256 4005 iscile
284 3945 370 4007 solus
397 3966 468 4008 esse
495 3966 640 4026 possum,
670 3965 711 4007 ne
730 3957 828 4009 noctu
848 3946 987 4030 quidem.
1028 3946 1088 4010 Fa·

59 4054 188 4109 ccssant
203 4045 271 4121 ⁴⁴³)
290 4044 366 4107 milri
388 4045 472 4109 euim
491 4046 660 4127 predicare
681 4045 807 4129 quidam
828 4046 983 4111 celibatur
1003 4047 1088 4115 bona

60 4159 91 4208 et
115 4146 299 4213 solitudinis
327 4147 502 4210 commoda.
547 4150 622 4210 Non
647 4146 759 4212 uideor
785 4166 855 4210 esse
881 4167 993 4231 capax.
1029 4148 1089 4211 Mo

95 4350 284 4423 ⁹)llsslrsls.
319 4352 367 4424 u)
384 4364 470 4427 ρξ’.
506 4352 653 4413 ΜΗἪ.
686 4357 691 4368 =
