2632 5086
383 739 625 839 inspicientes
652 740 841 840 Dialogus.
1049 750 1136 841 637,

99 959 257 1002 manet-are
288 948 338 1011 te,
371 944 423 998 ant
449 934 588 997 laborem
614 934 794 1016 quempiam
820 936 923 1013 ferre,
957 948 1011 1000 aut
1028 944 1126 1019 pere-¹

101 1039 331 1116 grinationilnn
351 1036 492 1117 fatigari.
519 1049 572 1097 aut
591 1037 819 1115 eleemosynam
838 1038 1051 1118 expendere,
1069 1042 1120 1102 aut

103 1139 264 1203 verberari
283 1138 374 1199 etiam
394 1158 453 1218 pro
468 1136 599 1198 delictis.
882 1146 888 1156 ·

571 1235 650 1297 Sol.

177 1340 263 1398 llnra
288 1335 444 1411 conditio,
464 1345 536 1414 post
555 1355 634 1395 vero
656 1335 732 1419 (prid
752 1336 863 1401 dabis?

509 1433 565 1496 Ca
574 1434 701 1513 jetan.

176 1535 379 1597 innocentem
398 1534 499 1597 diram
516 1536 657 1610 tandem,
678 1547 711 1596 et
728 1558 843 1618 purum
864 1538 1003 1600 reddam.

97 1627 106 1635 ’
575 1637 658 1697 Sol.

175 1739 218 1798 At
238 1735 297 1796 soli
316 1737 422 1795 lumen
449 1733 565 1798 inseres
582 1746 617 1796 tn
633 1735 773 1800 seilicet?

511 1834 702 1913 Cajetan.

175 1933 207 1994 si
224 1933 400 2008 videbitur,
420 1932 513 1995 etiam
524 1936 585 1996 hoe
601 1936 715 2020 vigore
734 1935 931 2012 facultatum,
952 1956 1030 2019 quas
1042 1926 1117 2000 mihi

100 2033 246 2095 coneedit
269 2036 313 2095 X.
331 2034 412 2094 Leo.

559 2136 642 2199 Sol.
723 2136 726 2141 ’

93 2256 104 2281 ·
171 2235 287 2314 Nugae,
322 2234 367 2296 sie
391 2234 549 2296 arbitraris
576 2236 699 2298 fatuum
725 2256 917 2319 quemqnam
938 2235 1116 2298 mortalium

95 2336 187 2398 etiam
214 2337 359 2411 istorum,
389 2348 423 2397 ut
446 2338 510 2397 haee
533 2348 564 2396 te
592 2358 687 2416 posse
713 2337 835 2409 credat,
873 2336 989 2397 nedum
1018 2338 1116 2398 solem

97 2437 198 2499 omnia
220 2438 358 2516 (insuper
380 2434 575 2497 intuentem?
602 2434 745 2499 Proinde
765 2435 938 2498 elleborum
957 2435 1048 2512 bibe,
1068 2435 1116 2497 in·

95 2537 196 2598 sanire
215 2536 290 2597 mini
305 2534 389 2596 enim
405 2534 532 2596 videris.

503 2632 702 2713 Cajeten.

170 2733 335 2796 Insnnire?
362 2733 402 2794 de
420 2732 504 2794 laeto
521 2733 809 2808 excommunicatus
829 2755 880 2811 es,
899 2736 1114 2800 irreverenter

97 2838 245 2918 loquutus
266 2834 422 2914 pontilicis
442 2837 564 2913 legato,
594 2833 700 2916 itaque
720 2835 858 2917 magnis,
888 2846 919 2897 et
939 2836 1115 2916 inexpiabi-

98 2935 177 2997 libus
199 2934 327 3017 alligasti
348 2946 379 2995 le
401 2934 670 3008 execrationibus,
700 2955 795 3017 quem
814 2955 876 3013 ego
897 2938 1114 2998 excommnni-

95 3049 196 3100 eatum
211 3040 306 3117 paulo
325 3047 398 3118 post
410 3035 622 3115 pronuntiabo
636 3033 825 3109 solenniter,
846 3033 949 3115 aliqua
963 3035 1113 3097 advocata

95 3138 270 3213 concione,
300 3136 333 3198 in
352 3137 501 3217 publico,
532 3136 620 3220 qnotl
646 3134 693 3197 sie
711 3146 903 3199 commotum
930 3154 981 3195 me
1008 3136 1113 3199 redeli-

12 3304 17 3311 ,
96 3238 189 3302 «loris.

482 3334 732 3397 Phaethon.

172 3437 404 3518 Oppedendum
423 3448 534 3497 cotnra
553 3436 623 3509 has,
656 3418 762 3515 pater!
793 3433 892 3497 minas
912 3435 1012 3513 duee,
1033 3435 1110 3521 qnid

96 3534 178 3597 enim
197 3548 305 3616 posset
323 3537 356 3598 in
375 3537 468 3600 divos
487 3537 625 3598 mortalis
645 3534 842 3597 homuncio?

565 3638 618 3696 Su
630 3637 648 3696 l.

178 3731 277 3794 lnnun
298 3744 502 3795 contemnere
533 3747 661 3815 oportet
686 3756 774 3809 enm,
805 3733 864 3797 etsi
891 3734 1109 3799 misericordia

92 3833 207 3917 <lignus
227 3834 371 3912 videtur,
392 3846 427 3896 ut
446 3857 488 3897 ex
506 3836 619 3897 morbo
641 3835 697 3918 qni
718 3835 859 3900 insaniat.

477 3935 715 3998 Phaethon.

166 4038 239 4118 Quo
260 4057 300 4097 ex
320 4034 456 4098 morbo?

559 4135 581 4198 S
591 4157 612 4197 o
624 4138 644 4198 l.

163 4235 302 4298 Avaritia
322 4236 452 4299 laborat.
490 4237 571 4319 Quia
592 4237 698 4320 itaque
718 4235 857 4299 arridere
883 4235 943 4299 sibi
972 4236 1005 4296 in
1027 4236 1107 4300 Ger·

91 4334 190 4397 inania
208 4339 389 4415 negotium,
408 4348 458 4411 ,ut
476 4359 511 4401 se
531 4340 670 4418 expleat,
698 4359 764 4402 non
783 4338 925 4413 videtur,
956 4336 988 4398 in
1007 4337 1106 4400 stirias
