<?xml version="1.0" encoding="UTF-8"?>
<!DOCTYPE html PUBLIC "-//W3C//DTD XHTML 1.0 Transitional//EN"
    "http://www.w3.org/TR/xhtml1/DTD/xhtml1-transitional.dtd">
<html xmlns="http://www.w3.org/1999/xhtml" xml:lang="en" lang="en">
 <head>
  <title>
</title>
<meta http-equiv="Content-Type" content="text/html;charset=utf-8" />
  <meta name='ocr-system' content='tesseract 3.04.00' />
  <meta name='ocr-capabilities' content='ocr_page ocr_carea ocr_par ocr_line ocrx_word'/>
</head>
<body>
  <div class='ocr_page' id='page_1' title='image "./ulrichiabhutten02mngoog_0477.png"; bbox 0 0 2632 5086; ppageno 0'>
   <div class='ocr_carea' id='block_1_1' title="bbox 376 719 1137 821">
    <p class='ocr_par' dir='ltr' id='par_1_1' title="bbox 376 719 1137 821">
     <span class='ocr_line' id='line_1_1' title="bbox 376 719 1137 821; baseline 0.017 -28"><span class='ocrx_word' id='word_1_1' title='bbox 376 720 482 795; x_wconf 86' lang='lat' dir='ltr'>Trias</span> <span class='ocrx_word' id='word_1_2' title='bbox 505 721 673 797; x_wconf 84' lang='lat' dir='ltr'>Romana</span> <span class='ocrx_word' id='word_1_3' title='bbox 693 719 880 821; x_wconf 70' lang='lat' dir='ltr'>Dialogus.</span> <span class='ocrx_word' id='word_1_4' title='bbox 1063 724 1137 806; x_wconf 66' lang='grc'>461</span> 
     </span>
    </p>
   </div>
   <div class='ocr_carea' id='block_1_2' title="bbox 109 914 1254 4405">
    <p class='ocr_par' dir='ltr' id='par_1_2' title="bbox 111 914 1137 1480">
     <span class='ocr_line' id='line_1_2' title="bbox 544 914 713 978; baseline -0.018 -1"><span class='ocrx_word' id='word_1_5' title='bbox 544 914 713 978; x_wconf 87' lang='lat' dir='ltr'>Hutten.</span> 
     </span>
     <span class='ocr_line' id='line_1_3' title="bbox 187 1011 832 1090; baseline 0.009 -15"><span class='ocrx_word' id='word_1_6' title='bbox 187 1011 347 1090; x_wconf 87' lang='lat' dir='ltr'>Lucrum,</span> <span class='ocrx_word' id='word_1_7' title='bbox 367 1022 401 1075; x_wconf 90' lang='lat' dir='ltr'>et</span> <span class='ocrx_word' id='word_1_8' title='bbox 417 1015 498 1076; x_wconf 83' lang='lat' dir='ltr'>maie</span> <span class='ocrx_word' id='word_1_9' title='bbox 517 1013 646 1079; x_wconf 76' lang='lat' dir='ltr'>vivendi</span> <span class='ocrx_word' id='word_1_10' title='bbox 667 1015 832 1081; x_wconf 77' lang='lat' dir='ltr'>licentiam·</span> 
     </span>
     <span class='ocr_line' id='line_1_4' title="bbox 535 1116 726 1182; baseline 0.016 -6"><span class='ocrx_word' id='word_1_11' title='bbox 535 1116 726 1182; x_wconf 80' lang='lat' dir='ltr'>Ernhoid.</span> 
     </span>
     <span class='ocr_line' id='line_1_5' title="bbox 142 1210 1137 1292; baseline 0.017 -21"><span class='ocrx_word' id='word_1_12' title='bbox 142 1222 147 1232; x_wconf 84' lang='lat'><em>&#39;</em></span> <span class='ocrx_word' id='word_1_13' title='bbox 186 1210 261 1273; x_wconf 82' lang='lat' dir='ltr'>Haec</span> <span class='ocrx_word' id='word_1_14' title='bbox 280 1214 345 1275; x_wconf 78' lang='lat' dir='ltr'>diro</span> <span class='ocrx_word' id='word_1_15' title='bbox 365 1212 541 1276; x_wconf 70' lang='lat' dir='ltr'><strong>cortisanos</strong></span> <span class='ocrx_word' id='word_1_16' title='bbox 563 1223 712 1292; x_wconf 88' lang='lat' dir='ltr'>movent,</span> <span class='ocrx_word' id='word_1_17' title='bbox 743 1233 855 1279; x_wconf 74' lang='lat' dir='ltr'>rerum</span> <span class='ocrx_word' id='word_1_18' title='bbox 877 1216 940 1281; x_wconf 86' lang='lat' dir='ltr'>hoe</span> <span class='ocrx_word' id='word_1_19' title='bbox 958 1214 1137 1289; x_wconf 66' lang='lat' dir='ltr'>nesciebam.</span> 
     </span>
     <span class='ocr_line' id='line_1_6' title="bbox 111 1311 911 1391; baseline 0.011 -19"><span class='ocrx_word' id='word_1_20' title='bbox 111 1311 216 1391; x_wconf 82' lang='lat' dir='ltr'>prius,</span> <span class='ocrx_word' id='word_1_21' title='bbox 236 1325 356 1377; x_wconf 84' lang='lat' dir='ltr'>tautum</span> <span class='ocrx_word' id='word_1_22' title='bbox 375 1317 532 1379; x_wconf 81' lang='lat' dir='ltr'>decedere</span> <span class='ocrx_word' id='word_1_23' title='bbox 553 1313 721 1378; x_wconf 80' lang='lat' dir='ltr'>ordinariis</span> <span class='ocrx_word' id='word_1_24' title='bbox 740 1317 911 1384; x_wconf 79' lang='lat' dir='ltr'>mernibin.</span> 
     </span>
     <span class='ocr_line' id='line_1_7' title="bbox 537 1415 703 1480; baseline 0.024 -4"><span class='ocrx_word' id='word_1_25' title='bbox 537 1415 703 1480; x_wconf 80' lang='lat' dir='ltr'>Hutten.</span> 
     </span>
    </p>

    <p class='ocr_par' dir='ltr' id='par_1_3' title="bbox 109 1508 1254 4405">
     <span class='ocr_line' id='line_1_8' title="bbox 189 1508 1136 1600; baseline 0.008 -26"><span class='ocrx_word' id='word_1_26' title='bbox 189 1513 326 1575; x_wconf 80' lang='lat' dir='ltr'>Tantum</span> <span class='ocrx_word' id='word_1_27' title='bbox 346 1508 489 1589; x_wconf 75' lang='lat' dir='ltr'>decedit,</span> <span class='ocrx_word' id='word_1_28' title='bbox 511 1526 546 1576; x_wconf 91' lang='lat' dir='ltr'>ut</span> <span class='ocrx_word' id='word_1_29' title='bbox 565 1535 646 1595; x_wconf 85' lang='lat' dir='ltr'>pene</span> <span class='ocrx_word' id='word_1_30' title='bbox 665 1537 725 1599; x_wconf 87' lang='lat' dir='ltr'>pro</span> <span class='ocrx_word' id='word_1_31' title='bbox 746 1515 843 1583; x_wconf 89' lang='lat' dir='ltr'>nihilo</span> <span class='ocrx_word' id='word_1_32' title='bbox 863 1516 904 1581; x_wconf 89' lang='lat' dir='ltr'>sit</span> <span class='ocrx_word' id='word_1_33' title='bbox 923 1526 1013 1580; x_wconf 84' lang='lat' dir='ltr'>extra</span> <span class='ocrx_word' id='word_1_34' title='bbox 1031 1511 1136 1600; x_wconf 64' lang='lat' dir='ltr'>ponti»</span> 
     </span>
     <span class='ocr_line' id='line_1_9' title="bbox 112 1612 1138 1697; baseline 0.007 -25"><span class='ocrx_word' id='word_1_35' title='bbox 112 1612 177 1673; x_wconf 82' lang='lat' dir='ltr'>ticis</span> <span class='ocrx_word' id='word_1_36' title='bbox 201 1624 324 1692; x_wconf 88' lang='lat' dir='ltr'>ternpus</span> <span class='ocrx_word' id='word_1_37' title='bbox 345 1633 458 1675; x_wconf 82' lang='lat' dir='ltr'>vacare</span> <span class='ocrx_word' id='word_1_38' title='bbox 483 1612 578 1697; x_wconf 86' lang='lat' dir='ltr'>quid,</span> <span class='ocrx_word' id='word_1_39' title='bbox 607 1616 767 1682; x_wconf 84' lang='lat' dir='ltr'>invenitur</span> <span class='ocrx_word' id='word_1_40' title='bbox 786 1616 871 1680; x_wconf 89' lang='lat' dir='ltr'>enirn</span> <span class='ocrx_word' id='word_1_41' title='bbox 892 1615 1078 1695; x_wconf 84' lang='lat' dir='ltr'>consitium,</span> <span class='ocrx_word' id='word_1_42' title='bbox 1104 1625 1138 1682; x_wconf 87' lang='lat' dir='ltr'>nt</span> 
     </span>
     <span class='ocr_line' id='line_1_10' title="bbox 113 1713 1139 1798; baseline 0.009 -26"><span class='ocrx_word' id='word_1_43' title='bbox 113 1713 222 1780; x_wconf 76' lang='lat' dir='ltr'>Rome</span> <span class='ocrx_word' id='word_1_44' title='bbox 245 1731 377 1793; x_wconf 84' lang='lat' dir='ltr'>quoque</span> <span class='ocrx_word' id='word_1_45' title='bbox 403 1714 554 1777; x_wconf 81' lang='lat' dir='ltr'>habeatur</span> <span class='ocrx_word' id='word_1_46' title='bbox 572 1718 663 1779; x_wconf 83' lang='lat' dir='ltr'>ratio.</span> <span class='ocrx_word' id='word_1_47' title='bbox 701 1716 881 1797; x_wconf 81' lang='lat' dir='ltr'>Quinetiam</span> <span class='ocrx_word' id='word_1_48' title='bbox 901 1727 970 1780; x_wconf 90' lang='lat' dir='ltr'>toto</span> <span class='ocrx_word' id='word_1_49' title='bbox 990 1729 1064 1798; x_wconf 86' lang='lat' dir='ltr'>post</span> <span class='ocrx_word' id='word_1_50' title='bbox 1082 1718 1139 1781; x_wconf 77' lang='lat' dir='ltr'>sti·</span> 
     </span>
     <span class='ocr_line' id='line_1_11' title="bbox 112 1810 1138 1888; baseline 0.012 -17"><span class='ocrx_word' id='word_1_51' title='bbox 112 1810 205 1888; x_wconf 73' lang='lat' dir='ltr'>cuius</span> <span class='ocrx_word' id='word_1_52' title='bbox 225 1832 390 1873; x_wconf 75' lang='lat' dir='ltr'>excessum</span> <span class='ocrx_word' id='word_1_53' title='bbox 410 1833 519 1876; x_wconf 85' lang='lat' dir='ltr'>mense</span> <span class='ocrx_word' id='word_1_54' title='bbox 544 1835 610 1877; x_wconf 93' lang='lat' dir='ltr'>non</span> <span class='ocrx_word' id='word_1_55' title='bbox 631 1815 705 1880; x_wconf 89' lang='lat' dir='ltr'>licet</span> <span class='ocrx_word' id='word_1_56' title='bbox 728 1813 891 1879; x_wconf 83' lang='lat' dir='ltr'>ordinario</span> <span class='ocrx_word' id='word_1_57' title='bbox 910 1818 1017 1879; x_wconf 83' lang='lat' dir='ltr'>locare</span> <span class='ocrx_word' id='word_1_58' title='bbox 1035 1838 1138 1883; x_wconf 78' lang='lat' dir='ltr'>secer.-</span> 
     </span>
     <span class='ocr_line' id='line_1_12' title="bbox 111 1910 1138 1999; baseline 0.011 -28"><span class='ocrx_word' id='word_1_59' title='bbox 111 1911 250 1986; x_wconf 86' lang='lat' dir='ltr'>dotium‚</span> <span class='ocrx_word' id='word_1_60' title='bbox 279 1933 344 1995; x_wconf 85' lang='lat' dir='ltr'>qno</span> <span class='ocrx_word' id='word_1_61' title='bbox 365 1910 521 1995; x_wconf 78' lang='lat' dir='ltr'>ingenio?</span> <span class='ocrx_word' id='word_1_62' title='bbox 545 1935 660 1996; x_wconf 83' lang='lat' dir='ltr'>nempe</span> <span class='ocrx_word' id='word_1_63' title='bbox 678 1923 715 1977; x_wconf 89' lang='lat' dir='ltr'>ot</span> <span class='ocrx_word' id='word_1_64' title='bbox 732 1910 774 1980; x_wconf 90' lang='lat' dir='ltr'>sit</span> <span class='ocrx_word' id='word_1_65' title='bbox 791 1915 926 1999; x_wconf 81' lang='lat' dir='ltr'>spatium</span> <span class='ocrx_word' id='word_1_66' title='bbox 943 1915 1138 1997; x_wconf 69' lang='lat' dir='ltr'>inveniendi,</span> 
     </span>
     <span class='ocr_line' id='line_1_13' title="bbox 112 2009 1139 2100; baseline 0.008 -26"><span class='ocrx_word' id='word_1_67' title='bbox 112 2013 277 2094; x_wconf 81' lang='lat' dir='ltr'>quomodo</span> <span class='ocrx_word' id='word_1_68' title='bbox 297 2015 429 2079; x_wconf 81' lang='lat' dir='ltr'><strong>Romam</strong></span> <span class='ocrx_word' id='word_1_69' title='bbox 447 2016 586 2079; x_wconf 80' lang='lat' dir='ltr'>trahatur</span> <span class='ocrx_word' id='word_1_70' title='bbox 607 2015 682 2077; x_wconf 85' lang='lat' dir='ltr'>iude</span> <span class='ocrx_word' id='word_1_71' title='bbox 701 2009 833 2098; x_wconf 85' lang='lat' dir='ltr'>aliquid,</span> <span class='ocrx_word' id='word_1_72' title='bbox 861 2015 942 2080; x_wconf 82' lang='lat' dir='ltr'>adeo</span> <span class='ocrx_word' id='word_1_73' title='bbox 964 2016 1041 2080; x_wconf 86' lang='lat' dir='ltr'>nihil</span> <span class='ocrx_word' id='word_1_74' title='bbox 1063 2037 1139 2100; x_wconf 76' lang='lat' dir='ltr'>pro·</span> 
     </span>
     <span class='ocr_line' id='line_1_14' title="bbox 112 2113 1141 2199; baseline 0.009 -27"><span class='ocrx_word' id='word_1_75' title='bbox 112 2113 181 2173; x_wconf 86' lang='lat' dir='ltr'>dest</span> <span class='ocrx_word' id='word_1_76' title='bbox 200 2114 233 2174; x_wconf 88' lang='lat' dir='ltr'>in</span> <span class='ocrx_word' id='word_1_77' title='bbox 253 2114 330 2176; x_wconf 79' lang='lat' dir='ltr'>(luas</span> <span class='ocrx_word' id='word_1_78' title='bbox 353 2126 456 2195; x_wconf 85' lang='lat' dir='ltr'>partes</span> <span class='ocrx_word' id='word_1_79' title='bbox 483 2114 620 2179; x_wconf 63' lang='lat' dir='ltr'>diuisum</span> <span class='ocrx_word' id='word_1_80' title='bbox 646 2133 779 2191; x_wconf 85' lang='lat' dir='ltr'>aunum,</span> <span class='ocrx_word' id='word_1_81' title='bbox 805 2116 1065 2199; x_wconf 78' lang='lat' dir='ltr'>quandoquidem</span> <span class='ocrx_word' id='word_1_82' title='bbox 1087 2119 1141 2181; x_wconf 77' lang='lat' dir='ltr'>vei</span> 
     </span>
     <span class='ocr_line' id='line_1_15' title="bbox 110 2211 1140 2299; baseline 0.009 -26"><span class='ocrx_word' id='word_1_83' title='bbox 110 2213 155 2274; x_wconf 86' lang='lat' dir='ltr'>sic</span> <span class='ocrx_word' id='word_1_84' title='bbox 174 2225 276 2275; x_wconf 84' lang='lat' dir='ltr'>toturn</span> <span class='ocrx_word' id='word_1_85' title='bbox 293 2213 362 2286; x_wconf 70' lang='lat' dir='ltr'>,sibi</span> <span class='ocrx_word' id='word_1_86' title='bbox 390 2211 549 2278; x_wconf 84' lang='lat' dir='ltr'>vindicant</span> <span class='ocrx_word' id='word_1_87' title='bbox 566 2213 619 2278; x_wconf 85' lang='lat' dir='ltr'>illi.</span> <span class='ocrx_word' id='word_1_88' title='bbox 659 2211 744 2297; x_wconf 81' lang='lat' dir='ltr'>Quid</span> <span class='ocrx_word' id='word_1_89' title='bbox 764 2215 992 2296; x_wconf 71' lang='lat' dir='ltr'>postulationes</span> <span class='ocrx_word' id='word_1_90' title='bbox 1015 2216 1140 2299; x_wconf 80' lang='lat' dir='ltr'>episco-</span> 
     </span>
     <span class='ocr_line' id='line_1_16' title="bbox 111 2315 1140 2400; baseline 0.009 -26"><span class='ocrx_word' id='word_1_91' title='bbox 111 2333 226 2394; x_wconf 88' lang='lat' dir='ltr'>porum</span> <span class='ocrx_word' id='word_1_92' title='bbox 254 2334 320 2396; x_wconf 89' lang='lat' dir='ltr'>quo</span> <span class='ocrx_word' id='word_1_93' title='bbox 345 2315 547 2378; x_wconf 87' lang='lat' dir='ltr'>incommodo</span> <span class='ocrx_word' id='word_1_94' title='bbox 573 2317 669 2389; x_wconf 79' lang='lat' dir='ltr'>fiunt,</span> <span class='ocrx_word' id='word_1_95' title='bbox 697 2315 859 2391; x_wconf 80' lang='lat' dir='ltr'>omnibus,</span> <span class='ocrx_word' id='word_1_96' title='bbox 887 2334 957 2400; x_wconf 86' lang='lat' dir='ltr'>quse</span> <span class='ocrx_word' id='word_1_97' title='bbox 977 2318 1065 2398; x_wconf 85' lang='lat' dir='ltr'>prins</span> <span class='ocrx_word' id='word_1_98' title='bbox 1085 2320 1140 2382; x_wconf 76' lang='lat' dir='ltr'>hs·</span> 
     </span>
     <span class='ocr_line' id='line_1_17' title="bbox 110 2415 1140 2498; baseline 0.007 -23"><span class='ocrx_word' id='word_1_99' title='bbox 110 2415 216 2476; x_wconf 78' lang='lat' dir='ltr'>buerit</span> <span class='ocrx_word' id='word_1_100' title='bbox 236 2415 279 2491; x_wconf 89' lang='lat' dir='ltr'>is,</span> <span class='ocrx_word' id='word_1_101' title='bbox 298 2436 393 2498; x_wconf 82' lang='lat' dir='ltr'>quesn</span> <span class='ocrx_word' id='word_1_102' title='bbox 413 2417 469 2478; x_wconf 83' lang='lat' dir='ltr'>alia</span> <span class='ocrx_word' id='word_1_103' title='bbox 488 2417 623 2494; x_wconf 80' lang='lat' dir='ltr'>postulat</span> <span class='ocrx_word' id='word_1_104' title='bbox 640 2415 788 2491; x_wconf 85' lang='lat' dir='ltr'>ecclesia,</span> <span class='ocrx_word' id='word_1_105' title='bbox 817 2416 951 2480; x_wconf 78' lang='lat' dir='ltr'>Rotnani</span> <span class='ocrx_word' id='word_1_106' title='bbox 968 2416 1140 2482; x_wconf 84' lang='lat' dir='ltr'>recidenti·</span> 
     </span>
     <span class='ocr_line' id='line_1_18' title="bbox 110 2513 1140 2597; baseline 0.007 -22"><span class='ocrx_word' id='word_1_107' title='bbox 110 2515 196 2575; x_wconf 68' lang='lat' dir='ltr'>tras?</span> <span class='ocrx_word' id='word_1_108' title='bbox 227 2535 292 2597; x_wconf 90' lang='lat' dir='ltr'>quo</span> <span class='ocrx_word' id='word_1_109' title='bbox 323 2536 398 2577; x_wconf 80' lang='lat' dir='ltr'>casu</span> <span class='ocrx_word' id='word_1_110' title='bbox 427 2515 493 2578; x_wconf 90' lang='lat' dir='ltr'>duo</span> <span class='ocrx_word' id='word_1_111' title='bbox 523 2531 626 2596; x_wconf 82' lang='lat' dir='ltr'>nuper</span> <span class='ocrx_word' id='word_1_112' title='bbox 645 2513 736 2595; x_wconf 85' lang='lat' dir='ltr'>pallia</span> <span class='ocrx_word' id='word_1_113' title='bbox 763 2514 812 2579; x_wconf 89' lang='lat' dir='ltr'>bis</span> <span class='ocrx_word' id='word_1_114' title='bbox 840 2516 955 2580; x_wconf 86' lang='lat' dir='ltr'>eodem</span> <span class='ocrx_word' id='word_1_115' title='bbox 971 2536 1055 2580; x_wconf 84' lang='lat' dir='ltr'>anno</span> <span class='ocrx_word' id='word_1_116' title='bbox 1076 2514 1140 2582; x_wconf 80' lang='lat' dir='ltr'>erui</span> 
     </span>
     <span class='ocr_line' id='line_1_19' title="bbox 112 2610 1139 2700; baseline 0.007 -24"><span class='ocrx_word' id='word_1_117' title='bbox 112 2616 222 2676; x_wconf 75' lang='lat' dir='ltr'>Rome</span> <span class='ocrx_word' id='word_1_118' title='bbox 240 2613 384 2675; x_wconf 81' lang='lat' dir='ltr'>vidimus.</span> <span class='ocrx_word' id='word_1_119' title='bbox 423 2610 521 2694; x_wconf 87' lang='lat' dir='ltr'>Quod</span> <span class='ocrx_word' id='word_1_120' title='bbox 546 2614 572 2675; x_wconf 88' lang='lat' dir='ltr'>si</span> <span class='ocrx_word' id='word_1_121' title='bbox 591 2616 717 2696; x_wconf 85' lang='lat' dir='ltr'>quando</span> <span class='ocrx_word' id='word_1_122' title='bbox 736 2615 861 2697; x_wconf 76' lang='lat' dir='ltr'>gratie,</span> <span class='ocrx_word' id='word_1_123' title='bbox 892 2636 962 2700; x_wconf 82' lang='lat' dir='ltr'>que</span> <span class='ocrx_word' id='word_1_124' title='bbox 981 2628 1139 2689; x_wconf 77' lang='lat' dir='ltr'>vocantur</span> 
     </span>
     <span class='ocr_line' id='line_1_20' title="bbox 112 2710 1141 2799; baseline 0.011 -25"><span class='ocrx_word' id='word_1_125' title='bbox 112 2712 332 2794; x_wconf 79' lang='lat' dir='ltr'>expectativae,</span> <span class='ocrx_word' id='word_1_126' title='bbox 360 2710 529 2794; x_wconf 79' lang='lat' dir='ltr'>propositae</span> <span class='ocrx_word' id='word_1_127' title='bbox 556 2714 638 2790; x_wconf 82' lang='lat' dir='ltr'>sint,</span> <span class='ocrx_word' id='word_1_128' title='bbox 666 2715 755 2798; x_wconf 77' lang='lat' dir='ltr'>quod</span> <span class='ocrx_word' id='word_1_129' title='bbox 780 2735 854 2781; x_wconf 86' lang='lat' dir='ltr'>raro</span> <span class='ocrx_word' id='word_1_130' title='bbox 881 2720 917 2782; x_wconf 85' lang='lat' dir='ltr'>iit</span> <span class='ocrx_word' id='word_1_131' title='bbox 942 2713 1073 2799; x_wconf 82' lang='lat' dir='ltr'>(eximia</span> <span class='ocrx_word' id='word_1_132' title='bbox 1091 2733 1141 2785; x_wconf 83' lang='lat' dir='ltr'>est</span> 
     </span>
     <span class='ocr_line' id='line_1_21' title="bbox 111 2812 1140 2898; baseline 0.008 -22"><span class='ocrx_word' id='word_1_133' title='bbox 111 2816 176 2876; x_wconf 78' lang='lat' dir='ltr'>hec</span> <span class='ocrx_word' id='word_1_134' title='bbox 202 2814 286 2876; x_wconf 82' lang='lat' dir='ltr'>enini</span> <span class='ocrx_word' id='word_1_135' title='bbox 312 2814 468 2893; x_wconf 81' lang='lat' dir='ltr'>pornineis</span> <span class='ocrx_word' id='word_1_136' title='bbox 495 2832 573 2895; x_wconf 78' lang='lat' dir='ltr'>erga</span> <span class='ocrx_word' id='word_1_137' title='bbox 593 2813 770 2877; x_wconf 80' lang='lat' dir='ltr'>Germanos</span> <span class='ocrx_word' id='word_1_138' title='bbox 795 2812 987 2898; x_wconf 81' lang='lat' dir='ltr'>benignitas)</span> <span class='ocrx_word' id='word_1_139' title='bbox 1007 2819 1050 2881; x_wconf 87' lang='lat' dir='ltr'>ibi</span> <span class='ocrx_word' id='word_1_140' title='bbox 1071 2828 1140 2884; x_wconf 83' lang='lat' dir='ltr'>tum</span> 
     </span>
     <span class='ocr_line' id='line_1_22' title="bbox 112 2912 1139 2998; baseline 0.008 -22"><span class='ocrx_word' id='word_1_141' title='bbox 112 2927 197 2976; x_wconf 87' lang='lat' dir='ltr'>recta</span> <span class='ocrx_word' id='word_1_142' title='bbox 222 2916 284 2977; x_wconf 84' lang='lat' dir='ltr'>itur</span> <span class='ocrx_word' id='word_1_143' title='bbox 307 2924 416 2976; x_wconf 85' lang='lat' dir='ltr'>contra</span> <span class='ocrx_word' id='word_1_144' title='bbox 445 2912 623 2996; x_wconf 84' lang='lat' dir='ltr'>principum</span> <span class='ocrx_word' id='word_1_145' title='bbox 646 2913 858 2991; x_wconf 79' lang='lat' dir='ltr'>concordata,</span> <span class='ocrx_word' id='word_1_146' title='bbox 886 2916 976 2998; x_wconf 89' lang='lat' dir='ltr'>quod</span> <span class='ocrx_word' id='word_1_147' title='bbox 1001 2919 1059 2982; x_wconf 87' lang='lat' dir='ltr'>sub</span> <span class='ocrx_word' id='word_1_148' title='bbox 1083 2921 1139 2984; x_wconf 78' lang='lat' dir='ltr'>has</span> 
     </span>
     <span class='ocr_line' id='line_1_23' title="bbox 112 3014 1254 3097; baseline 0.006 -21"><span class='ocrx_word' id='word_1_149' title='bbox 112 3020 237 3076; x_wconf 84' lang='lat' dir='ltr'>trahunt</span> <span class='ocrx_word' id='word_1_150' title='bbox 255 3015 446 3091; x_wconf 82' lang='lat' dir='ltr'>sacerdotia,</span> <span class='ocrx_word' id='word_1_151' title='bbox 464 3015 568 3079; x_wconf 83' lang='lat' dir='ltr'>mattis</span> <span class='ocrx_word' id='word_1_152' title='bbox 585 3014 763 3078; x_wconf 87' lang='lat' dir='ltr'>nominibus</span> <span class='ocrx_word' id='word_1_153' title='bbox 782 3036 801 3076; x_wconf 93' lang='lat' dir='ltr'>a</span> <span class='ocrx_word' id='word_1_154' title='bbox 816 3016 961 3079; x_wconf 84' lang='lat' dir='ltr'>Romana</span> <span class='ocrx_word' id='word_1_155' title='bbox 975 3014 1140 3097; x_wconf 66' lang='lat' dir='ltr'>tyrannide</span> <span class='ocrx_word' id='word_1_156' title='bbox 1248 3032 1254 3045; x_wconf 89' lang='lat'>&#39;</span> 
     </span>
     <span class='ocr_line' id='line_1_24' title="bbox 109 3113 1145 3201; baseline 0.003 -23"><span class='ocrx_word' id='word_1_157' title='bbox 109 3115 218 3178; x_wconf 88' lang='lat' dir='ltr'>libera.</span> <span class='ocrx_word' id='word_1_158' title='bbox 259 3119 329 3178; x_wconf 76' lang='lat' dir='ltr'>iarn</span> <span class='ocrx_word' id='word_1_159' title='bbox 353 3128 386 3176; x_wconf 92' lang='lat' dir='ltr'>et</span> <span class='ocrx_word' id='word_1_160' title='bbox 408 3117 634 3181; x_wconf 85' lang='lat' dir='ltr'>monachorum</span> <span class='ocrx_word' id='word_1_161' title='bbox 660 3115 712 3180; x_wconf 88' lang='lat' dir='ltr'>hic</span> <span class='ocrx_word' id='word_1_162' title='bbox 735 3113 881 3199; x_wconf 67' lang='lat' dir='ltr'>coenobia</span> <span class='ocrx_word' id='word_1_163' title='bbox 902 3114 1076 3194; x_wconf 81' lang='lat' dir='ltr'>invadunt,</span> <span class='ocrx_word' id='word_1_164' title='bbox 1105 3128 1145 3201; x_wconf 26' lang='lat' dir='ltr'>ct,</span> 
     </span>
     <span class='ocr_line' id='line_1_25' title="bbox 111 3215 1141 3299; baseline 0.002 -20"><span class='ocrx_word' id='word_1_165' title='bbox 111 3215 237 3279; x_wconf 78' lang='lat' dir='ltr'>abbates</span> <span class='ocrx_word' id='word_1_166' title='bbox 257 3218 440 3297; x_wconf 84' lang='lat' dir='ltr'>compilant,</span> <span class='ocrx_word' id='word_1_167' title='bbox 465 3227 532 3278; x_wconf 81' lang='lat' dir='ltr'>tuni</span> <span class='ocrx_word' id='word_1_168' title='bbox 549 3234 678 3292; x_wconf 89' lang='lat' dir='ltr'>eorum,</span> <span class='ocrx_word' id='word_1_169' title='bbox 701 3235 770 3299; x_wconf 84' lang='lat' dir='ltr'>quse</span> <span class='ocrx_word' id='word_1_170' title='bbox 785 3218 882 3278; x_wconf 82' lang='lat' dir='ltr'>semet</span> <span class='ocrx_word' id='word_1_171' title='bbox 900 3216 1017 3279; x_wconf 81' lang='lat' dir='ltr'>locavit</span> <span class='ocrx_word' id='word_1_172' title='bbox 1034 3216 1141 3298; x_wconf 87' lang='lat' dir='ltr'>ponti·</span> 
     </span>
     <span class='ocr_line' id='line_1_26' title="bbox 112 3314 1226 3399; baseline 0.008 -19"><span class='ocrx_word' id='word_1_173' title='bbox 112 3319 185 3391; x_wconf 78' lang='lat' dir='ltr'>fex,</span> <span class='ocrx_word' id='word_1_174' title='bbox 205 3334 404 3397; x_wconf 76' lang='lat' dir='ltr'>regressuro,</span> <span class='ocrx_word' id='word_1_175' title='bbox 424 3327 460 3379; x_wconf 89' lang='lat' dir='ltr'>nt</span> <span class='ocrx_word' id='word_1_176' title='bbox 473 3326 603 3390; x_wconf 82' lang='lat' dir='ltr'>vocant,</span> <span class='ocrx_word' id='word_1_177' title='bbox 625 3314 755 3378; x_wconf 89' lang='lat' dir='ltr'>unicum</span> <span class='ocrx_word' id='word_1_178' title='bbox 773 3315 845 3398; x_wconf 82' lang='lat' dir='ltr'>ejus</span> <span class='ocrx_word' id='word_1_179' title='bbox 857 3316 975 3399; x_wconf 80' lang='lat' dir='ltr'>rapinae</span> <span class='ocrx_word' id='word_1_180' title='bbox 993 3319 1140 3386; x_wconf 81' lang='lat' dir='ltr'>soiatiun</span> <span class='ocrx_word' id='word_1_181' title='bbox 1222 3376 1226 3389; x_wconf 90' lang='grc'><em>,</em></span> 
     </span>
     <span class='ocr_line' id='line_1_27' title="bbox 113 3414 1140 3498; baseline 0.008 -24"><span class='ocrx_word' id='word_1_182' title='bbox 113 3414 336 3479; x_wconf 77' lang='lat' dir='ltr'>violentissime</span> <span class='ocrx_word' id='word_1_183' title='bbox 367 3414 597 3498; x_wconf 78' lang='lat' dir='ltr'>praeciderunt,</span> <span class='ocrx_word' id='word_1_184' title='bbox 624 3414 783 3480; x_wconf 87' lang='lat' dir='ltr'>mordicus</span> <span class='ocrx_word' id='word_1_185' title='bbox 812 3418 897 3496; x_wconf 86' lang='lat' dir='ltr'>apud</span> <span class='ocrx_word' id='word_1_186' title='bbox 924 3436 959 3480; x_wconf 85' lang='lat' dir='ltr'>se</span> <span class='ocrx_word' id='word_1_187' title='bbox 977 3426 1140 3497; x_wconf 77' lang='lat' dir='ltr'>tenentes,</span> 
     </span>
     <span class='ocr_line' id='line_1_28' title="bbox 114 3515 1140 3603; baseline 0.003 -25"><span class='ocrx_word' id='word_1_188' title='bbox 114 3517 202 3598; x_wconf 86' lang='lat' dir='ltr'>quod</span> <span class='ocrx_word' id='word_1_189' title='bbox 222 3520 321 3579; x_wconf 88' lang='lat' dir='ltr'>semei</span> <span class='ocrx_word' id='word_1_190' title='bbox 344 3517 566 3603; x_wconf 82' lang='lat' dir='ltr'>arripuerunt,</span> <span class='ocrx_word' id='word_1_191' title='bbox 592 3528 623 3580; x_wconf 88' lang='lat' dir='ltr'>et</span> <span class='ocrx_word' id='word_1_192' title='bbox 652 3515 925 3591; x_wconf 71' lang='lat' dir='ltr'>execrationibus,</span> <span class='ocrx_word' id='word_1_193' title='bbox 950 3536 986 3578; x_wconf 88' lang='lat' dir='ltr'>ac</span> <span class='ocrx_word' id='word_1_194' title='bbox 1014 3520 1140 3585; x_wconf 80' lang='lat' dir='ltr'>aristhe-</span> 
     </span>
     <span class='ocr_line' id='line_1_29' title="bbox 113 3612 1139 3702; baseline 0.002 -25"><span class='ocrx_word' id='word_1_195' title='bbox 113 3627 194 3677; x_wconf 82' lang='lat' dir='ltr'>mate</span> <span class='ocrx_word' id='word_1_196' title='bbox 229 3631 489 3700; x_wconf 76' lang='lat' dir='ltr'>propugnantes,</span> <span class='ocrx_word' id='word_1_197' title='bbox 529 3612 699 3702; x_wconf 84' lang='lat' dir='ltr'>nequando</span> <span class='ocrx_word' id='word_1_198' title='bbox 737 3615 777 3680; x_wconf 83' lang='lat' dir='ltr'>ad</span> <span class='ocrx_word' id='word_1_199' title='bbox 807 3615 984 3680; x_wconf 82' lang='lat' dir='ltr'>libertatern</span> <span class='ocrx_word' id='word_1_200' title='bbox 1019 3612 1139 3683; x_wconf 80' lang='lat' dir='ltr'>reden.</span> 
     </span>
     <span class='ocr_line' id='line_1_30' title="bbox 113 3709 1140 3798; baseline 0.003 -19"><span class='ocrx_word' id='word_1_201' title='bbox 113 3717 201 3797; x_wconf 82' lang='lat' dir='ltr'>Quid</span> <span class='ocrx_word' id='word_1_202' title='bbox 220 3728 353 3792; x_wconf 74' lang='lat' dir='ltr'>atinate,</span> <span class='ocrx_word' id='word_1_203' title='bbox 374 3718 466 3798; x_wconf 84' lang='lat' dir='ltr'>primi</span> <span class='ocrx_word' id='word_1_204' title='bbox 481 3716 519 3782; x_wconf 84' lang='lat' dir='ltr'>ab</span> <span class='ocrx_word' id='word_1_205' title='bbox 539 3727 664 3798; x_wconf 85' lang='lat' dir='ltr'>accepta</span> <span class='ocrx_word' id='word_1_206' title='bbox 681 3709 883 3798; x_wconf 74' lang='lat' dir='ltr'>possessione</span> <span class='ocrx_word' id='word_1_207' title='bbox 902 3716 975 3779; x_wconf 83' lang='lat' dir='ltr'>anni</span> <span class='ocrx_word' id='word_1_208' title='bbox 994 3716 1140 3781; x_wconf 75' lang='lat' dir='ltr'>fructus?</span> 
     </span>
     <span class='ocr_line' id='line_1_31' title="bbox 114 3810 1140 3901; baseline 0.004 -22"><span class='ocrx_word' id='word_1_209' title='bbox 114 3817 238 3898; x_wconf 80' lang='lat' dir='ltr'>Qualis,</span> <span class='ocrx_word' id='word_1_210' title='bbox 260 3829 292 3878; x_wconf 89' lang='lat' dir='ltr'>et</span> <span class='ocrx_word' id='word_1_211' title='bbox 312 3837 406 3901; x_wconf 86' lang='lat' dir='ltr'>quarn</span> <span class='ocrx_word' id='word_1_212' title='bbox 426 3819 530 3899; x_wconf 82' lang='lat' dir='ltr'>opime</span> <span class='ocrx_word' id='word_1_213' title='bbox 558 3835 596 3881; x_wconf 84' lang='lat' dir='ltr'>ca</span> <span class='ocrx_word' id='word_1_214' title='bbox 623 3811 731 3899; x_wconf 80' lang='lat' dir='ltr'>rapine</span> <span class='ocrx_word' id='word_1_215' title='bbox 751 3813 826 3880; x_wconf 81' lang='lat' dir='ltr'>est?</span> <span class='ocrx_word' id='word_1_216' title='bbox 863 3810 926 3881; x_wconf 81' lang='lat' dir='ltr'>Ubi</span> <span class='ocrx_word' id='word_1_217' title='bbox 943 3838 986 3881; x_wconf 88' lang='lat' dir='ltr'>ne</span> <span class='ocrx_word' id='word_1_218' title='bbox 1005 3826 1140 3894; x_wconf 81' lang='lat' dir='ltr'>erretur,</span> 
     </span>
     <span class='ocr_line' id='line_1_32' title="bbox 112 3914 1141 4002; baseline -0.002 -20"><span class='ocrx_word' id='word_1_219' title='bbox 112 3918 285 3982; x_wconf 88' lang='lat' dir='ltr'>institutum</span> <span class='ocrx_word' id='word_1_220' title='bbox 318 3931 385 3995; x_wconf 87' lang='lat' dir='ltr'>est,</span> <span class='ocrx_word' id='word_1_221' title='bbox 419 3931 454 3983; x_wconf 91' lang='lat' dir='ltr'>ut</span> <span class='ocrx_word' id='word_1_222' title='bbox 481 3918 590 3983; x_wconf 76' lang='lat' dir='ltr'>Rome</span> <span class='ocrx_word' id='word_1_223' title='bbox 623 3928 805 3986; x_wconf 70' lang='lat' dir='ltr'>censeatur,</span> <span class='ocrx_word' id='word_1_224' title='bbox 839 3927 989 4000; x_wconf 75' lang='lat' dir='ltr'>quiritum</span> <span class='ocrx_word' id='word_1_225' title='bbox 1022 3914 1141 4002; x_wconf 68' lang='lat' dir='ltr'>otiique</span> 
     </span>
     <span class='ocr_line' id='line_1_33' title="bbox 111 4016 1141 4096; baseline -0.001 -14"><span class='ocrx_word' id='word_1_226' title='bbox 111 4020 221 4082; x_wconf 82' lang='lat' dir='ltr'>redeat</span> <span class='ocrx_word' id='word_1_227' title='bbox 248 4018 322 4096; x_wconf 83' lang='lat' dir='ltr'>hic,</span> <span class='ocrx_word' id='word_1_228' title='bbox 356 4016 465 4084; x_wconf 88' lang='lat' dir='ltr'>sedis</span> <span class='ocrx_word' id='word_1_229' title='bbox 494 4039 607 4083; x_wconf 85' lang='lat' dir='ltr'>census</span> <span class='ocrx_word' id='word_1_230' title='bbox 631 4040 649 4083; x_wconf 87' lang='lat' dir='ltr'>a</span> <span class='ocrx_word' id='word_1_231' title='bbox 677 4020 822 4081; x_wconf 72' lang='lat' dir='ltr'>Remmia</span> <span class='ocrx_word' id='word_1_232' title='bbox 857 4016 988 4080; x_wconf 79' lang='lat' dir='ltr'>avaritia</span> <span class='ocrx_word' id='word_1_233' title='bbox 1017 4017 1141 4082; x_wconf 78' lang='lat' dir='ltr'>radices</span> 
     </span>
     <span class='ocr_line' id='line_1_34' title="bbox 112 4114 1204 4204; baseline 0.001 -22"><span class='ocrx_word' id='word_1_234' title='bbox 112 4121 195 4201; x_wconf 84' lang='lat' dir='ltr'>agit,</span> <span class='ocrx_word' id='word_1_235' title='bbox 223 4119 330 4204; x_wconf 83' lang='lat' dir='ltr'>itaque</span> <span class='ocrx_word' id='word_1_236' title='bbox 358 4118 486 4201; x_wconf 80' lang='lat' dir='ltr'>majoris</span> <span class='ocrx_word' id='word_1_237' title='bbox 517 4122 708 4203; x_wconf 85' lang='lat' dir='ltr'>pierumque</span> <span class='ocrx_word' id='word_1_238' title='bbox 739 4115 909 4193; x_wconf 76' lang='lat' dir='ltr'>enimin,</span> <span class='ocrx_word' id='word_1_239' title='bbox 940 4136 1035 4203; x_wconf 86' lang='lat' dir='ltr'>quain</span> <span class='ocrx_word' id='word_1_240' title='bbox 1062 4114 1142 4203; x_wconf 86' lang='lat' dir='ltr'>quid</span> <span class='ocrx_word' id='word_1_241' title='bbox 1201 4124 1204 4131; x_wconf 86' lang='lat'>&#39;</span> 
     </span>
     <span class='ocr_line' id='line_1_35' title="bbox 113 4214 1142 4305; baseline -0.001 -21"><span class='ocrx_word' id='word_1_242' title='bbox 113 4235 179 4298; x_wconf 89' lang='lat' dir='ltr'>est,</span> <span class='ocrx_word' id='word_1_243' title='bbox 207 4242 267 4286; x_wconf 89' lang='lat' dir='ltr'>suo</span> <span class='ocrx_word' id='word_1_244' title='bbox 288 4222 476 4299; x_wconf 87' lang='lat' dir='ltr'>commodo,</span> <span class='ocrx_word' id='word_1_245' title='bbox 506 4240 570 4305; x_wconf 81' lang='lat' dir='ltr'>qua</span> <span class='ocrx_word' id='word_1_246' title='bbox 588 4219 621 4282; x_wconf 93' lang='lat' dir='ltr'>in</span> <span class='ocrx_word' id='word_1_247' title='bbox 641 4241 676 4280; x_wconf 90' lang='lat' dir='ltr'>re</span> <span class='ocrx_word' id='word_1_248' title='bbox 700 4214 839 4282; x_wconf 74' lang='lat' dir='ltr'>mirifice</span> <span class='ocrx_word' id='word_1_249' title='bbox 865 4228 938 4282; x_wconf 86' lang='lat' dir='ltr'>sunt</span> <span class='ocrx_word' id='word_1_250' title='bbox 964 4216 1142 4283; x_wconf 82' lang='lat' dir='ltr'>decisiones</span> 
     </span>
     <span class='ocr_line' id='line_1_36' title="bbox 115 4316 1142 4405; baseline -0.002 -22"><span class='ocrx_word' id='word_1_251' title='bbox 115 4335 206 4400; x_wconf 87' lang='lat' dir='ltr'>rotae,</span> <span class='ocrx_word' id='word_1_252' title='bbox 235 4322 388 4404; x_wconf 79' lang='lat' dir='ltr'>judicium</span> <span class='ocrx_word' id='word_1_253' title='bbox 407 4326 500 4405; x_wconf 84' lang='lat' dir='ltr'>piane</span> <span class='ocrx_word' id='word_1_254' title='bbox 523 4318 753 4403; x_wconf 76' lang='lat' dir='ltr'>irrefragebde.</span> <span class='ocrx_word' id='word_1_255' title='bbox 786 4320 984 4400; x_wconf 79' lang='lat' dir='ltr'>Quemquam</span> <span class='ocrx_word' id='word_1_256' title='bbox 1007 4317 1052 4379; x_wconf 89' lang='lat' dir='ltr'>ibi</span> <span class='ocrx_word' id='word_1_257' title='bbox 1069 4316 1142 4399; x_wconf 79' lang='lat' dir='ltr'>quis</span> 
     </span>
    </p>
   </div>
   <div class='ocr_carea' id='block_1_3' title="bbox 0 0 1325 5086">
    <p class='ocr_par' dir='ltr' id='par_1_4' title="bbox 0 0 1325 5086">
     <span class='ocr_line' id='line_1_37' title="bbox 0 0 1325 5086; baseline 0 0"><span class='ocrx_word' id='word_1_258' title='bbox 0 0 1325 5086; x_wconf 95' lang='lat' dir='ltr'> </span> 
     </span>
    </p>
   </div>
  </div>
 </body>
</html>
