2632 5086
296 753 353 828 Ad
378 753 552 830 Carolum
575 756 668 854 Reg.
695 753 801 854 epist.
1026 761 1098 840 589

75 950 188 1034 Neque
207 946 338 1012 dubium
357 960 423 1024 est,
441 946 520 1032 quin
539 946 768 1011 studiosissime
782 948 844 1011 hoc
856 941 1098 1032 agantimprobi

74 1049 246 1139 Curtisani.
294 1049 357 1112 Sed
375 1049 408 1110 in
428 1061 460 1109 te
480 1048 573 1111 situm
593 1063 658 1124 est,
672 1121 676 1130 ·
689 1069 753 1131 qua
772 1048 805 1110 vi
823 1059 896 1123 tuos
915 1049 1025 1129 impeti
1045 1071 1100 1112 su·

77 1151 196 1214 stinere
230 1149 318 1213 velis.
347 1147 537 1249 'Poteram
569 1148 625 1230 qui
647 1147 769 1228 injuriae
797 1168 987 1232 oppugnat,
1026 1147 1103 1230 jure

74 1271 274 1330 repugnare:
310 1247 364 1317 cni
392 1248 567 1311 immerenti
595 1250 642 1312 vis
669 1249 726 1326 sit,
761 1248 981 1330 defensionem
1005 1264 1094 1329 recte

75 1349 226 1430 experiri.
262 1350 382 1432 ¹Neque
402 1349 435 1410 itt
454 1370 521 1409 non
540 1348 739 1428 permittebat
749 1350 958 1430 ratio„dabat
970 1363 1097 1414 natura:

78 1460 128 1523 ut,
158 1447 214 1532 qui
235 1449 280 1510 sic
300 1448 415 1528 cupide
435 1449 641 1528 impetebant,
671 1470 783 1512 eorum
805 1464 916 1514 contra
935 1453 999 1525 uim
1019 1472 1106 1519 arma
1152 1514 1155 1519 ,

78 1568 253 1622 sumerem,
275 1560 306 1611 et
329 1549 413 1611 circs
435 1532 542 1624 erant,
562 1560 715 1632 erantque
727 1551 855 1614 auxilia.
894 1553 958 1613 sea
971 1552 1004 1613 in
1017 1564 1102 1614 tuom

79 1648 302 1712 defensionem
329 1647 465 1726 rejicere
498 1647 601 1723 visum
629 1650 681 1713 est‘
706 1650 826 1738 omnia,
840 1648 891 1712 'et
918 1662 950 1712 te
977 1650 1104 1714 vindice

78 1749 185 1811 ulcisci
212 1749 444 1829 improbitatem
472 1749 580 1823 hanc„
614 1751 712 1830 Quod
731 1761 774 1812 ut
802 1750 962 1840 impetrari
987 1752 1042 1814 abs
1070 1762 1102 1830 te

78 1849 179 1923 sinas,
212 1869 271 1928 per
290 1849 421 1910 salutem
442 1859 527 1910 tuam
549 1868 609 1910 oro
628 1859 661 1910 et
681 1849 836 1913 obtestor.
885 1849 962 1914 Jam‘
974 1851 1101 1915 audebo

80 1947 163 2010 enirn
183 1967 251 2008 non
270 1962 379 2026 petere
399 1948 547 2029 amplius,
566 1960 601 2009 ut
620 1968 661 2010 ne
674 1948 808 2012 istorum
825 1950 972 2014 inductus
987 1950 1102 2015 fraude

81 2047 379 2122 mihisuccenseas,
409 2048 467 2115 sed
486 2059 522 2108 ut
539 2048 726 2118 maleficium
745 2049 835 2111 etiam
854 2070 924 2112 cum
944 2049 1020 2132 ipsis
1042 2053 1106 2114 hoc

81 2151 275 2226 expostutes.
315 2151 442 2212 Summa
462 2168 562 2215 caussa
579 2149 707 2231 aequitas
728 2160 794 2212 est:
826 2150 908 2211 adde
926 2159 1012 2212 tuam
1031 2171 1107 2212 auc·

80 2247 255 2323 toritatem,
275 2248 461 2330 imperator!
482 2260 631 2331 tuamque
657 2250 801 2328 gratiam·
838 2249 950 2325 Debet,
962 2251 1024 2314 hoc
1038 2251 1106 2333 ipse

83 2348 137 2410 abs
158 2362 189 2416 te
209 2371 302 2415 causa
324 2349 510 2432 impetrare,
538 2349 650 2411 sinon
669 2372 758 2413 orem
778 2369 840 2433 ego
861 2348 965 2410 etiam.
1003 2349 1106 2414 Vides

84 2449 185 2526 enirn,
216 2472 286 2533 quae
307 2450 430 2525 adnexa
449 2469 521 2513 meo
541 2450 684 2530 periculo
710 2450 789 2511 siut:
818 2469 925 2532 neque
945 2447 992 2512 sic
1008 2448 1108 2529 hebee

87 2561 158 2614 tuus
179 2560 227 2612 est
244 2550 439 2625 intellectus,
458 2564 495 2612 ut
513 2567 580 2609 non
597 2547 728 2624 sentias,
750 2549 790 2611 ad
808 2560 840 2611 te
860 2568 993 2632 qnoque
1008 2547 1110 2631 pertis

85 2669 162 2721 nere
181 2648 253 2710 hinc
272 2646 401 2730 aliquid.
438 2647 491 2709 An
511 2657 600 2728 putas
620 2647 777 2713 liciturum
794 2647 850 2713 tibi
864 2648 964 2712 libere
977 2650 1108 2733 posthac

86 2746 277 2821 decernere,
309 2749 334 2809 si
360 2745 479 2811 hortari
508 2744 608 2811 tibere
637 2747 711 2810 mihi
739 2770 805 2812 nou
835 2749 928 2812 licet?
942 2752 1022 2823 ,Aut
1038 2769 1109 2823 nort

85 2846 251 2909 manifeste
271 2847 361 2909 vides
385 2864 487 2909 meant
506 2845 679 2927 perniciem
697 2868 767 2911 esse
786 2860 846 2912 tura
866 2849 1031 2930 potestatis
1052 2849 1110 2913 ob-

87 2947 264 3022 sidionem,
286 2953 396 3030 tniqne,
406 2945 486 3024 juris
501 2945 685 3021 vincutum?
704 2947 763 3010 Me
775 2968 866 3010 serra
880 2950 992 3030 igitur,
1013 2970 1111 3033 quem

88 3046 177 3110 vides
198 3045 266 3110 sine
285 3067 400 3130 magno
420 3047 699 3110 tuoincommodo
719 3047 811 3127 perdi
829 3069 896 3117 non
914 3068 1021 3129 posse.
1059 3051 1111 3111 Da

20 3220 24 3228 „
88 3150 149 3210 hoc
167 3146 256 3212 samae
283 3160 361 3224 tuae,
393 3150 420 3210 si
445 3147 634 3230 cujusquam
659 3145 855 3223 innocentia,
877 3133 986 3230 negas.
1028 3148 1111 3211 Nam

88 3249 192 3311 studia
211 3248 269 3310 tibi
287 3268 357 3311 mea
375 3254 443 3311 non
463 3249 598 3311 narrabo
618 3246 686 3323 hic,
707 3266 768 3309 nec
786 3246 913 3315 labores
931 3267 1110 3326 exponam,

91 3360 124 3408 et
142 3347 318 3428 indagatam
338 3347 484 3411 omnibus
503 3348 583 3437 viis,
614 3366 673 3429 per
699 3356 748 3409 tot
766 3345 922 3426 pericula,
953 3357 1002 3408 tot
1020 3367 1109 3411 acer·

90 3445 235 3510 bissimos
256 3468 362 3521 casus,
384 3446 544 3509 literarum
563 3445 680 3526 pariter
698 3465 736 3508 ac
767 3466 875 3508 rerum
894 3446 1111 3528 cognitionem

90 3567 156 3608 non
185 3548 378 3609 memorabo.
426 3546 494 3609 Etsi
521 3545 606 3608 enirn
631 3545 753 3609 iectura
778 3557 867 3608 erant
886 3546 1113 3612 hoc-nonnihil

92 3647 132 3708 ad
151 3645 365 3708 concitandam
384 3646 458 3711 mihi
477 3647 562 3728 apud
582 3662 613 3708 te
626 3644 888 3727 misericordiam
909 3648 1113 3728 quemadmo-⁸

93 3746 168 3808 dunt
200 3745 277 3808 ittud
306 3765 453 3828 quoque,
485 3746 580 3830 quod?
597 3744 752 3827 majorum
778 3755 904 3807 tuorum
931 3764 982 3808 rea
1009 3759 1112 3828 gestas

91 3846 168 3910 meis
190 3844 300 3909 ornari
317 3846 430 3908 literis:
459 3857 563 3908 tamen
582 3866 626 3907 ex
643 3844 712 3925 ipso
742 3864 813 3922 meo
829 3843 928 3922 facto,
961 3849 1111 3929 nulloque

92 3948 217 4029 penitus
242 3949 352 4009 horum
377 3932 542 4026 respectu,
577 3943 712 4022 judicari
740 3943 797 4013 abs
821 3954 854 4005 te
878 3946 960 4007 colo.
999 3946 1064 4027 Qui
1083 3947 1111 4009 si

95 4049 284 4123 effecissem,
306 4047 393 4130 quod
413 4058 540 4110 conatus
560 4065 650 4120 sum,
669 4053 778 4107 utnon
791 4041 900 4108 liceret
916 4044 965 4107 his
981 4044 1113 4125 amplius
1172 4116 1178 4127 Ι

95 4147 260 4228 compilare
280 4145 499 4223 Germaniam,
519 4156 603 4208 tuam
621 4141 814 4224 majestatem
833 4145 965 4212 tudibtio
984 4146 1111 4223 habere,

98 4248 250 4328 publicam
268 4246 440 4310 libertatem
459 4246 669 4315 conculcatam
687 4254 814 4321 tenere,
838 4248 1000 4308 veritatem
1017 4264 1116 4308 euan-

99 4347 223 4426 gelicam
249 4349 437 4430 praestigioso
468 4347 595 4410 inducto
631 4343 705 4407 fuco
732 4347 868 4419 omniumr
898 4348 992 4408 ecub's
1019 4361 1114 4427 atque
