2632 5086
236 692 342 785 Biiib.
366 710 511 784 Pirckh.
540 711 586 784 ad
609 711 682 784 Ulr.
699 712 800 785 Hutt.
825 706 939 809 Epist.
1050 715 1092 794 69

85 906 198 968 Auium
221 915 306 967 tuam
334 904 523 966 immaturam
546 903 687 965 dixerim.
736 904 877 967 Proinde
902 915 936 966 tu
962 922 1093 987 quoque

87 1002 220 1083 dijudica
237 1003 330 1077 mihi,
358 1024 434 1065 nunt
453 1023 519 1064 rem
538 1024 597 1066 suo
623 1004 748 1065 nomine
768 1004 946 1086 appellarim
964 1025 1023 1066 nee
1042 1024 1092 1066 ne.
1156 1024 1187 1089 J,

87 1105 205 1165 Verum
218 1103 282 1179 jam
300 1115 404 1164 tecum
416 1102 528 1184 nugari
549 1103 698 1164 desinam.
738 1105 879 1177 Utinum‚'
899 1103 940 1164 mi
963 1107 1094 1166 Vlriche

88 1213 122 1262 tu
146 1201 269 1264 minime
298 1203 405 1264 aulicis
432 1202 607 1263 inseneseas
634 1205 793 1275 aernmnis;
834 1204 891 1264 sed
923 1202 1026 1283 potius
1056 1221 1094 1262 ea

86 1301 246 1376 felicitate,
279 1322 429 1384 quarem
446 1313 505 1363 tam
524 1303 640 1364 affabre
659 1304 842 1384 depinxisti.
871 1315 960 1365 extra
980 1301 1093 1380 Cyclo·

83 1424 153 1481 pes,
186 1401 386 1477 Centauros,
422 1390 595 1485 Suhygem,
628 1391 826 1479 Chimaeram,
866 1405 1005 1482 Scyllum,
1046 1407 1093 1468 καὶ

83 1506 129 1564 im
152 1506 349 1587 μυσαςώτιςον
375 1508 416 1567 lea
441 1507 489 1567 καὶ
510 1504 722 1590 φοβερώτερον,
756 1503 896 1585 effugias.
937 1503 1093 1574 ευδαιμονὲ-

80 1631 162 1667 moe
193 1608 253 1684 γάρ
287 1610 352 1682 ἴση,
385 1608 411 1668 si
442 1605 542 1668 alieno
574 1604 713 1685 periculo
745 1604 857 1684 sapies.
906 1605 943 1666 td
973 1617 1009 1667 ut
1035 1607 1093 1671 tibi

80 1707 222 1779 everunt,
257 1706 348 1768 etium
376 1718 470 1787 atque
497 1705 588 1764 etium
618 1714 704 1781 opto.
754 1703 879 1764 Etenim
902 1703 1015 1784 dignus
1041 1704 1108 1781 es.

78 1807 129 1868 cui
151 1824 266 1866 omnes
287 1807 329 1866 ob
341 1804 502 1887 ingenium
520 1815 551 1864 et
570 1803 777 1864 eruditionem
800 1813 882 1862 tuum
901 1802 1094 1867 innumeram

78 1907 161 1967 bene
182 1917 367 1985 precentur:
389 1907 516 1987 dignus,
540 1903 590 1965 cui
616 1902 710 1983 digna
737 1902 926 1980 respondeat
948 1902 1092 1966 fortuna:

77 2004 285 2087 dignissimus
318 2006 457 2077 tandem,
498 2002 552 2084 qui
586 2003 624 2064 ab
653 2001 738 2063 omni
770 2001 867 2063 aulica
896 2002 1094 2079 praeserveris

76 2116 180 2187 peste.
215 2102 308 2180 Tibi,
332 2106 435 2167 amicis
448 2113 480 2166 et
492 2101 593 2166 Musis
607 2102 716 2164 virens
731 2106 855 2180 γενέσθο.
876 2101 966 2166 Vale.
982 2105 1093 2182 (1518.)
