2632 5086
916 482 931 515 0

518 686 650 761 Oratio
677 686 812 781 quinta.
1105 697 1176 769 167

140 884 208 945 lum
231 879 487 955 declinavimus,
524 890 677 963 quantum
705 879 865 945 infamiam
897 882 987 964 qiiod
1018 883 1175 949 exuimus.

145 976 216 1048 tan
235 982 388 1045 dicebant
410 982 497 1046 enim
519 978 637 1057 exteri,
664 1001 731 1043 non
749 1004 820 1044 esse
838 981 872 1045 iu
889 983 1058 1047 Germania
1077 986 1175 1066 leges,

148 1106 216 1147 non
234 1082 371 1165 judicia,
402 1103 471 1145 uon
496 1102 666 1156 carceres,
695 1103 760 1145 non
787 1084 949 1164 supplicia.
980 1086 1175 1172 ,Verumque

148 1184 304 1247 tlicclmrt.
347 1184 421 1245 Nou
440 1193 529 1245 erasit
544 1181 640 1245 euim
677 1182 721 1245 At
741 1205 827 1251 arma
844 1195 937 1260 sunt,
965 1197 998 1248 et
1014 1187 1075 1249 viri
1092 1200 1175 1252 suut.

148 1287 252 1369 Atmre
287 1283 366 1345 illud
399 1294 566 1365 utcunque
594 1280 740 1362 punitum
769 1296 873 1347 tamen
902 1288 1090 1351 maleficium
1117 1301 1175 1355 est.

146 1386 216 1467 lpse
243 1405 373 1466 poenam
404 1384 491 1447 dedit
512 1386 606 1447 latro.
655 1386 736 1448 illud
759 1384 851 1449 lacile
876 1387 1011 1469 patimur
1038 1388 1176 1466 biterim,

145 1499 178 1547 ut
193 1498 273 1549 sunt
295 1498 456 1566 tempora,
483 1486 517 1547 iu
538 1506 598 1549 nos
622 1484 710 1557 dici,
744 1488 834 1567 quod
852 1487 926 1549 belli
946 1489 1063 1553 virtute
1082 1495 1176 1555 coer·

144 1587 334 1659 metimus,
377 1607 473 1669 quem
510 1588 616 1668 legum
651 1585 784 1648 vinculis
815 1589 990 1669 constringi
1021 1591 1175 1670 oportuit,

145 1690 233 1772 qrrod
261 1708 428 1750 armorum
452 1687 573 1767 impetu
602 1696 778 1766 prostratus
802 1686 866 1761 sit,
900 1688 958 1770 qui
983 1687 1177 1768 judiciorum

146 1789 278 1853 lulmine
306 1787 423 1869 projici
442 1788 473 1859 Ψ)
498 1787 620 1850 debuit.
664 1786 811 1869 Satisque
835 1808 982 1865 tunginum
1008 1791 1176 1855 adsecutos

149 1912 202 1953 rios
221 1887 388 1968 pru-mium
406 1886 562 1961 arbitror,
595 1887 685 1969 quoti
707 1909 725 1948 a
748 1884 867 1969 jugulis
888 1890 1006 1953 nostris
1029 1890 1100 1955 illos
1120 1891 1177 1953 diu

150 1989 206 2067 jam
235 1990 378 2052 intentos
407 1986 575 2067 rejecimus
600 1986 745 2069 gladios,
772 1986 858 2050 illum
888 1988 920 2051 in
953 1990 1057 2053 bonos
1089 1991 1176 2055 viros

150 2091 325 2154 districtum
347 2109 534 2151 nriacronern
557 2087 751 2167 repulimus,
788 2090 940 2170 quodni)
967 2091 1049 2153 illam
1077 2094 1177 2155 multo

149 2207 216 2255 aute
241 2203 430 2269 concepto,
466 2189 555 2272 qnod
582 2189 614 2250 in
642 2191 818 2252 Germaniae
844 2190 978 2255 exitium
1001 2205 1177 2268 evomeret,

150 2313 277 2356 veneno
306 2302 456 2355 armatam
480 2301 619 2369 pestem,
651 2288 677 2349 si
701 2310 767 2351 uon
797 2272 1018 2367 coniecinms,
1051 2299 1178 2375 (neque

153 2396 234 2457 euim
248 2394 322 2467 ⁰³³²)
358 2412 440 2472 opus
474 2401 541 2453 erat
570 2391 668 2453 scinci
705 2391 886 2478 conficere,
934 2412 1029 2473 quam
1065 2392 1178 2455 misere

155 2495 204 2559 din
233 2493 351 2555 vivere
383 2491 479 2554 satius
515 2493 583 2566 est)
624 2489 651 2551 si
686 2510 752 2555 non
788 2489 1003 2566 confecimus,
1039 2491 1178 2575 inquam,

150 2607 234 2659 certe
260 2591 512 2666 exannan'mus,
546 2590 670 2674 vique.
710 2611 748 2653 ac
778 2589 900 2655 viribus
934 2592 1000 2657 suis
1032 2594 1178 2657 omnibus

149 2699 327 2769 nudatam,
360 2714 519 2769 mancam,
554 2704 586 2755 et
615 2690 817 2767 destitutam,
849 2693 936 2757 laras
970 2694 1178 2777 propulimus,

149 2810 181 2861 et
213 2795 468 2859 exturbavimus.
528 2796 607 2874 Quae
641 2793 747 2854 donee
783 2792 817 2856 in
854 2814 956 2876 reguo
995 2792 1077 2869 suit,
1115 2816 1179 2857 non

148 2899 240 2963 aliter
266 2894 432 2958 sollicitam
457 2894 565 2957 habuit
592 2891 810 2966 Germaniam,
840 2914 935 2975 quam
964 2895 997 2955 iu
1022 2894 1095 2957 sinu
1119 2916 1179 2957 suo

147 3008 341 3061 venenatam
352 3007 546 3076 serpentem,
565 2993 763 3074 pestilentem
773 2994 936 3072 scorpium
948 2993 1047 3075 siquis
1064 3006 1179 3060 teneat.

148 3101 206 3164 llle
234 3095 358 3177 ejectus
382 3106 432 3157 est
457 3094 569 3176 igitur,
604 3094 772 3167 Germani,
803 3094 855 3157 ille
882 3095 1022 3170 l'raetus,
1053 3106 1086 3157 et
1104 3116 1181 3158 con·

149 3215 262 3275 tirsus,
287 3198 346 3282 qui
371 3195 533 3261 interitum
555 3195 660 3259 multis
680 3194 906 3271 meditabatur,
938 3195 1059 3261 cladem
1079 3196 1181 3261 inteu-

152 3303 256 3371 tabat,
283 3297 459 3380 perniciem
477 3296 672 3375 minabatur,
701 3297 757 3381 qrii
782 3318 842 3360 nos
864 3309 1005 3375 segetem
1024 3298 1179 3363 latrocinii

153 3402 224 3478 sui,
266 3400 398 3484 qaaando
430 3399 559 3481 qnando
590 3410 674 3463 esset
703 3397 853 3473 occasio,
891 3410 1012 3467 metere
1040 3398 1179 3479 parabat.

152 3502 261 3583 Cujus
286 3501 337 3564 illa
361 3499 521 3563 horribilis
547 3512 579 3559 et
604 3502 697 3579 plena
720 3498 892 3562 atrocitatis
911 3518 978 3559 vox
997 3498 1104 3562 audite
1122 3510 1180 3573 est,

152 3625 267 3667 omnes
297 3603 475 3673 Huttenos,
505 3598 533 3661 si
565 3601 694 3675 habeat,
723 3599 975 3663 interfecturum.
1023 3600 1062 3663 ln
1088 3597 1180 3679 cujus

151 3704 307 3767 eubiculo
334 3700 545 3767 memorabilis
573 3700 624 3763 ille
648 3700 808 3763 rationum
836 3698 984 3773 inventus
1012 3710 1062 3762 est
1088 3698 1179 3772 liber,

154 3806 213 3888 qui
233 3802 503 3885 proscriptorum,
525 3811 700 3876 eteorum,
719 3821 803 3883 quos
822 3798 926 3863 lusori
942 3800 993 3861 ille
1010 3820 1070 3863 suo
1087 3798 1182 3861 ‹lesti-

158 3914 309 3979 navent,
338 3902 469 3965 nomina
485 3901 682 3976 coiitinebat,
706 3901 859 3964 comitum
876 3898 1013 3981 aliquot,
1039 3897 1182 3980 equitum

157 4006 230 4087 plus
245 4004 481 4079 ducentorum,
504 4013 621 4065 nostre
636 4004 724 4079 ⁹³²⁰)
747 4000 891 4078 lamilisa,
917 3998 974 4083 qui
992 4018 1079 4063 anua
1093 3998 1182 4063 tene

155 4144 355 4163 -un-s

190 4228 357 4290 'rarosr'ctr
388 4232 468 4287 dejici.
514 4224 562 4294 ⁸⁸)
581 4237 730 4290 reseramus,
759 4234 839 4291 quod:
862 4232 999 4276 retudimus.
1041 4220 1105 4290 Μ)
1123 4229 1183 4276 nacla

190 4322 268 4367 eratin:
287 4324 314 4364 tn
333 4326 432 4364 tantm
448 4318 668 4378 memoriaenon.
704 4310 783 4379 ΝΥ)
801 4324 917 4365 nostru:
935 4320 1076 4374 nosceque.
