2632 5086
338 660 345 667 Π
381 766 386 773 -
413 768 429 793 ,.
492 712 668 812 Epistola
1048 724 1094 797 tt

126 905 239 971 nosti
256 925 373 971 remma
390 917 556 988 percepta,
576 908 732 974 intutum
749 930 802 975 me
814 911 977 997 resima
994 930 1038 1003 ott¹
1050 931 1094 975 ex

126 1007 349 1091 .urigatione
365 1006 399 1071 in
415 1019 544 1091 portum
555 1009 692 1094 aliquem
707 1011 898 1077 subducere.
935 1013 1095 1079 Pratum

125 1110 196 1173 ab
219 1122 299 1173 sunt
319 1110 529 1193 intemperiae,
563 1123 599 1177 ut
617 1111 718 1196 quieti
740 1114 892 1177 trnnultus
907 1113 1093 1195 preferant,

138 1222 209 1275 nte
240 1210 327 1274 illam
352 1213 413 1276 hos
441 1213 582 1294 experiri
602 1213 722 1295 cogito.
766 1213 855 1297 Quid
872 1214 982 1296 cogito
1001 1214 1093 1279 dixi?

125 1330 171 1387 n,
204 1322 244 1375 ut
259 1313 371 1393 prius,
397 1315 583 1381 necessitate
603 1317 738 1399 qaudam
752 1336 870 1399 cogor:
896 1336 955 1397 per
972 1314 1094 1401 aliquot

125 1433 144 1477 e
163 1411 291 1494 jubeor
309 1415 469 1478 honorum
488 1417 605 1498 gradus
623 1418 813 1494 decimare,
839 1415 1026 1500 priusquam
1042 1436 1094 1481 me

127 1514 320 1577 subtraham
338 1515 458 1579 turbis:
487 1516 542 1579 ubi
561 1517 588 1580 si
615 1538 684 1601 quae
704 1517 926 1581 extranrienda
943 1519 1094 1583 motusue

124 1627 149 1693 t,
184 1616 256 1695 jam
277 1616 399 1681 illarum
423 1617 499 1681 milri
520 1617 702 1700 patientiam
720 1617 842 1694 indixi,
874 1638 912 1680 sc
929 1618 978 1682 his
999 1629 1094 1694 utar,

124 1736 223 1802 maana
259 1737 301 1779 ex
329 1719 547 1801 promptuario
574 1719 766 1800 desumptis3
806 1739 878 1802 qua
905 1717 939 1781 in
970 1718 1095 1795 schola,

124 1845 130 1878 ι
149 1838 295 1901 peregre
312 1818 427 1895 didici,
444 1819 660 1902 aequanimiter
676 1829 712 1881 ut
728 1819 830 1883 leram
847 1817 969 1881 omnia:
982 1838 1098 1901 ,neque

124 1918 302 2003 quemlibet
317 1940 359 1982 ex
379 1920 507 1983 diverso
527 1933 649 1984 motum
667 1919 833 1985 ‹lissolvan
872 1919 925 1985 Sic
941 1917 1097 1985 consuevi

124 2042 163 2098 n,
202 2041 240 2082 ac
266 2042 318 2084 me
344 2021 512 2096 induravi,
545 2033 577 2084 et
608 2021 673 2102 pati
700 2020 871 2102 strepitus,
909 2019 975 2102 pati
1001 2019 1098 2083 ctiam

123 2124 197 2189 ultus
224 2121 309 2184 scio:
349 2143 385 2183 ae
414 2123 635 2185 divexationes
662 2121 820 2185 sustinere
856 2142 924 2184 non
950 2119 1096 2203 imperite

123 2242 185 2289 eo:
218 2223 423 2306 animumque
446 2222 608 2302 disposui,
646 2235 678 2286 et
703 2222 967 2306 aequanimitatem
994 2218 1097 2287 indui.

123 2325 267 2389 ramata
284 2323 312 2386 si
330 2344 457 2405 possem
474 2323 610 2404 lugere,
639 2347 711 2408 quse
729 2325 845 2391 vellem
867 2323 973 2405 prius,
1002 2342 1098 2405 quam

131 2424 299 2506 corporis,
332 2424 462 2487 morbos
478 2436 576 2506 puto,
611 2425 670 2508 qui
684 2447 735 2488 me
754 2423 927 2507 aliquando
941 2431 1096 2497 movent,-

123 2546 231 2610 aqnam
246 2524 434 2588 dimovent?
454 2524 481 2586 si
497 2526 678 2590 convellere
695 2525 781 2589 enim
799 2535 931 2606 possent
947 2522 1096 2598 mutum,

122 2648 132 2689 ι
151 2625 229 2691 nihi
252 2644 380 2688 omnem
404 2625 582 2688 studiorum
603 2625 712 2690 curam
732 2625 965 2699 abotevisuenu
997 2642 1100 2708 quum

122 2726 182 2789 ln
197 2726 242 2788 ob
259 2726 331 2788 ritae
350 2726 634 2808 intemperantiam,
656 2727 746 2810 quod
762 2726 883 2804 sciunt,
900 2724 959 2809 qui
970 2728 1100 2789 'mentm

122 2838 252 2902 mur,
285 2827 343 2889 sed
361 2829 467 2891 studio
488 2839 520 2890 et
541 2826 801 2910 peregrinatione
822 2826 976 2891 stomachi
999 2826 1100 2889 imbe-

122 2926 224 2992 itatem
244 2929 476 3004 contraxerim,
512 2939 544 2991 et
565 2949 684 3008 corpus
702 2928 862 2991 infirmum
882 2924 1100 3000 reddiderima

122 3028 159 3093 td
185 3040 218 3090 et
242 3029 277 3091 in
306 3029 563 3112 peregrinatione
589 3029 686 3091 multa
712 3026 849 3092 sustinui
876 3025 1101 3103 incommoda,

122 3148 154 3193 ec
171 3128 277 3213 frigus
304 3141 337 3191 et
364 3141 472 3192 aestum
499 3129 666 3203 acerbius,
704 3147 791 3191 nunc
815 3126 932 3193 tamem
956 3137 992 3190 et
1017 3124 1100 3191 sitim

121 3231 284 3315 quentius:
322 3232 492 3314 aliquando
519 3229 647 3292 nimiam
675 3228 854 3293 itinerando
880 3225 1101 3309 fatigationem

121 3351 248 3413 pessus.
291 3333 369 3411 Quas
385 3337 416 3408 ²²¹)
435 3342 548 3413 praeter
563 3330 608 3392 ob
620 3329 752 3393 nimium
766 3352 786 3394 e
801 3329 990 3395 vulneribus
1008 3328 1102 3393 emis·

121 3450 137 3495 t
163 3431 351 3513 sanguinem
376 3432 492 3494 virium
519 3431 666 3512 corporis
700 3430 895 3507 exinanitio,
939 3440 972 3492 et
999 3427 1098 3497 nativi

121 3531 195 3595 nris
227 3532 402 3595 attenuatio
435 3531 576 3597 accessit.
627 3530 786 3595 Caeterum
815 3552 890 3615 quaa
920 3542 956 3595 tu
986 3526 1102 3610 objicis
1160 3529 1162 3532 ’

121 3633 232 3708 riardo,
254 3654 321 3695 non
335 3645 484 3709 movent,
505 3632 626 3716 quippe
641 3633 748 3697 animo
763 3632 943 3715 composito
961 3630 1018 3714 qui
1038 3641 1102 3707 est,

133 3734 259 3819 tabique
276 3734 499 3817 tranquillum,
527 3734 649 3818 ubique
667 3753 831 3799 secenum
845 3743 879 3795 et
897 3730 1103 3797 solitudinem

120 3846 175 3914 ut,
194 3857 270 3899 nam
284 3856 354 3919 quae
368 3836 499 3898 auribus
513 3834 798 3918 circumstrepunt,
812 3830 890 3897 nihil
900 3833 942 3895 ad
954 3830 1103 3905 ammam.

120 3946 273 4019 mpter
298 3935 335 3999 in
362 3935 474 4001 inediis
500 3935 560 4000 illis
587 3938 664 4001 aula
691 3932 876 4001 tumultibus
907 3932 1007 3997 credo
1024 3951 1104 4003 ¹uon

120 4035 251 4101 laturam
271 4036 347 4099 mihi
376 4057 528 4099 summam
556 4036 715 4101 interdum
740 4034 891 4120 quietem.
941 4033 1040 4116 Quod
1060 4052 1104 4095 ne

120 4134 213 4201 ribus
235 4136 294 4200 tibi
310 4139 536 4220 persuadeam,
565 4137 666 4214 scias,
701 4137 822 4201 anullo
844 4155 897 4200 me
916 4133 992 4200 huic
1012 4133 1103 4197 bono

119 4341 236 4416 Νη·
255 4364 315 4410 qua.
