2632 5086
213 807 282 881 270
364 794 369 803 '
499 790 561 869 Dc
586 795 742 893 Guajaci
766 796 950 871 medicina

212 990 377 1065 dicebam,
410 1009 476 1051 non
508 998 627 1051 vexant
653 996 708 1048 aut
734 987 922 1068 perturbant
950 1002 1087 1055 mentem
1113 993 1243 1074 igitur?

212 1094 277 1158 Ant
296 1112 362 1153 non
381 1090 479 1172 magis
494 1087 614 1151 lacirrnt
628 1089 707 1162 hoc,
727 1088 909 1168 phrenesis,
929 1091 1045 1165 mania,
1066 1094 1241 1177 comitialis,

210 1191 391 1274 etreliqua
410 1188 522 1252 mentis
542 1200 696 1277 capturae,
717 1208 811 1268 quam
831 1189 960 1259 morbus
982 1192 1144 1257 Galliena?
1182 1196 1242 1265 illo

211 1291 320 1355 nescio
339 1290 417 1374 qnid
431 1291 672 1369 interpretante,
686 1287 824 1350 subdidi.
863 1288 959 1353 Disce
973 1312 993 1352 o
1007 1314 1107 1354 senex
1120 1296 1242 1359 cautius

211 1390 424 1472 respondere,
458 1388 556 1451 iubis
577 1387 749 1470 praesertim
772 1388 805 1449 in
825 1388 941 1470 quibus
960 1391 1101 1453 hnmanae
1122 1393 1242 1458 incolu-

210 1490 324 1557 nitatis
355 1489 530 1569 pericnlum
559 1489 705 1550 vertitur.
749 1487 848 1566 Quod
877 1489 905 1550 si
931 1489 1069 1553 Plinium
1084 1493 1241 1575 ,legisses,

211 1610 278 1653 non
299 1595 315 1651 a
336 1599 441 1650 ruente
461 1590 518 1650 sed
538 1594 554 1649 ir
574 1600 682 1650 mento
708 1587 793 1650 unde
821 1588 994 1670 incipiebat
1018 1593 1149 1656 morbus
1178 1595 1240 1671 ille,

211 1702 406 1767 mentagram
442 1689 540 1751 inisse
573 1688 714 1765 (lictum,
749 1689 801 1749 vel
834 1689 895 1751 boc
928 1703 1114 1773 argumento
1146 1693 1241 1757 alium

210 1788 385 1863 mellico,
412 1799 507 1870 atque
531 1787 606 1849 hnic
632 1799 695 1851 tam
724 1787 903 1867 perniciose
929 1790 1094 1856 insanienti
1116 1793 1239 1888 bellue,

209 1902 273 1953 tam
290 1889 412 1970 patiens
432 1910 503 1952 esse
523 1888 594 1969 quis
613 1887 794 1951 convicium
813 1888 952 1970 quinon
973 1890 1083 1967 faeiat,
1108 1898 1239 1973 posset?

211 1990 275 2053 Sed
299 1989 456 2051 mittamus
484 1988 660 2050 istiusmodi
690 1988 886 2051 medicorum
914 1993 1051 2071 vulgus,
1080 1995 1240 2077 equibus

209 2110 355 2171 magnam
374 2099 494 2167 partem
513 2088 657 2161 videmus
673 2088 833 2151 abundare
848 2089 978 2171 quidem
992 2092 1114 2167 verbis,
1133 2114 1241 2159 rerum

212 2200 318 2253 antem
340 2187 471 2250 scientia
491 2187 605 2250 misere
629 2188 787 2251 interdum
806 2209 924 2271 egere,
952 2192 1046 2255 acad
1066 2192 1241 2257 institutum

210 2264 394 2364 redeamus,
424 2287 517 2369 cujus
544 2309 664 2350 summa
689 2299 756 2364 est,
783 2288 841 2350 hae
870 2290 899 2351 in
926 2291 1091 2352 curatione
1120 2304 1155 2355 nt
1185 2316 1240 2356 eta·

210 2391 319 2453 stodes
348 2390 560 2452 adsumendos
591 2386 753 2462 medicos,
784 2410 851 2450 non
880 2401 915 2450 ut
945 2401 1117 2453 cirratores.
1157 2395 1240 2456 Eos·

212 2512 277 2574 qne
303 2502 338 2552 ut
362 2511 444 2571 saepe
474 2487 537 2567 jam
562 2487 629 2549 dixi
656 2488 850 2570 delegendos
877 2510 969 2552 sanos
996 2502 1028 2549 et
1055 2494 1237 2569 perdoctus,

213 2591 335 2673 quique
354 2588 480 2669 experti
500 2586 632 2667 plurima
644 2588 721 2661 siut,
744 2599 776 2648 et
795 2587 840 2648 sie
858 2587 982 2650 animati
999 2600 1034 2651 nt
1052 2591 1110 2651 soli
1126 2613 1238 2672 sapere

209 2689 423 2769 malitrtquam
437 2687 644 2751 communiter
666 2709 782 2750 errare.
820 2691 861 2750 Et
881 2691 937 2771 qni
956 2689 1101 2752 fabarum
1113 2713 1169 2762 esn
1183 2714 1237 2756 cu·

210 2805 282 2848 rare
301 2807 420 2868 aegrum
450 2786 476 2847 si
498 2787 641 2867 possint,
671 2809 737 2850 non
765 2800 907 2872 quaerant
932 2791 1237 2869 sumptuosissimam

209 2883 330 2969 aliquid
349 2897 381 2949 et
402 2887 563 2971 inprimis
583 2889 755 2951 exoticam.

616 3300 728 3364 Caru'r
766 3301 842 3366 xli.

209 3466 264 3539 An
280 3466 353 3539 ulla
373 3468 472 3541 circa
490 3471 710 3545 medicinam
735 3477 829 3548 hanc
848 3477 1019 3550 habenda
1035 3478 1081 3552 ait
1105 3478 1234 3570 aetatis,

279 3589 340 3661 vel
372 3614 501 3684 sexus,
531 3606 594 3665 aut
617 3617 819 3692 corporum
842 3597 1024 3692 qualitatis
1054 3600 1161 3674 ratio.

272 3783 363 3863 Quos
378 3783 500 3862 ajebam
512 3786 720 3864 percontandi
732 3807 827 3852 eausa
837 3789 1004 3874 Hispanias
1017 3794 1149 3871 adiisse,
1163 3818 1236 3860 cum

205 3894 403 3966 quererent,
431 3884 539 3964 pueris
563 3886 698 3950 etiamne
717 3901 825 3969 posset
845 3902 877 3953 et
900 3892 1046 3955 eonsecta
1065 3893 1128 3972 jam
1147 3907 1235 3960 aetate

204 3980 386 4045 bominibus
403 3986 465 4046 hoc
475 3985 640 4049 subreniri
650 3991 812 4065 remedio,
825 3993 914 4074 quod
924 3993 1138 4069 dubitabatur,
1157 3997 1235 4058 utri-

204 4101 309 4163 usque
324 4102 421 4145 sexus
442 4083 649 4164 imbecillitas,
676 4109 717 4152 an
735 4090 835 4154 l'errct
852 4090 968 4154 dietam
983 4095 1080 4169 hane,
1100 4115 1234 4173 reapon-

204 4201 276 4244 sum
304 4195 513 4263 aeceperunt,
540 4186 580 4251 ab
609 4186 647 4252 iis
677 4189 732 4273 qui
758 4190 916 4253 ininsula
943 4192 1087 4267 lucrant,
1113 4213 1234 4271 pueros

204 4280 334 4364 quidem
350 4267 407 4346 liae
427 4284 582 4349 medicina
600 4287 728 4353 liberari
746 4312 765 4353 a
784 4289 900 4354 morbo
919 4310 985 4353 non
1004 4291 1122 4355 vidisse
1143 4314 1178 4354 se
1198 4305 1234 4359 ut

201 4381 361 4466 reliquos,
377 4383 435 4469 sed
444 4387 592 4451 retulisse
607 4386 779 4467 insulares,
794 4390 900 4453 colere
910 4400 943 4451 et
956 4390 1043 4471 ipsos
1055 4391 1101 4456 sic
1116 4396 1233 4472 curari,
