2632 5086
382 628 622 780 Inspicientcs
645 682 831 783 Dialogus.
1041 692 1111 774 529

93 875 183 951 solis,
203 877 342 939 serarum
356 874 525 936 vestientes
540 874 688 954 pellibus,
710 874 742 934 in
762 875 835 936 cibo
855 888 958 940 autem
976 888 1111 959 utentes,

93 1001 162 1060 qua.
192 976 394 1057 produxisset
421 958 555 1055 patrium
579 980 700 1049 solum,
732 986 862 1036 externa
886 976 1113 1059 ignorabantur

92 1081 217 1161 passim.
255 1083 328 1156 Quo
348 1087 491 1156 tempore
518 1075 704 1138 fraudabant
727 1075 802 1136 nulli
828 1078 1006 1157 quempiam
1026 1079 1113 1142 insti·

94 1193 198 1252 torcS,
219 1178 360 1261 quzcdarn
380 1176 480 1257 rigida
499 1174 559 1236 luit
577 1175 691 1255 passim
711 1177 867 1253 probitas,
901 1181 978 1239 lianc
998 1200 1113 1260 seque-

93 1281 206 1341 bantur
226 1297 352 1350 omues,
373 1276 537 1354 pecuniam
554 1279 693 1338 noudum
711 1277 834 1345 viderat
849 1278 1032 1362 quisquam,
1053 1301 1113 1343 uec

96 1391 260 1460 argeutum
279 1376 453 1451 babebaut‘,
484 1379 534 1438 vel
553 1397 673 1438 aurum.

501 1478 718 1540 Phacdmnu

171 1581 244 1641 lloc
264 1576 324 1638 luit
347 1575 499 1658 optimum
520 1578 692 1639 Gennanire
712 1595 843 1663 tempus.

564 1676 650 1755 Sol.

167 1794 321 1856 Paulatim
353 1791 505 1855 maritima
531 1793 596 1855 ausi
629 1807 702 1856 sunt
723 1817 841 1857 vexare
871 1798 1049 1878 peregrini,
1084 1807 1117 1861 et

94 1894 172 1955 inire
195 1894 382 1955 commercia
411 1894 470 1967 ibi,
503 1892 576 1956 iude
596 1896 680 1974 apud
708 1895 783 1957 alios
812 1901 912 1972 ultra,
941 1901 1043 1961 donec
1063 1899 1117 1960 ad-

93 1997 236 2056 suel'acto
273 1995 380 2055 infimo
417 2014 570 2076 quoquc,
608 2007 639 2056 et
671 1996 822 2058 desidiam
850 2009 989 2073 amante,
1025 1999 1119 2080 coepit

93 2100 217 2175 placere
240 2096 384 2168 novitas,
423 2105 454 2155 ct
474 2095 573 2172 recipi
593 2097 690 2175 vulgo
717 2098 811 2157 luxus
832 2101 1048 2172 consuetudo,
1082 2117 1119 2160 ac

94 2201 152 2259 late
172 2195 338 2257 confestim
358 2194 481 2275 ingredi
498 2195 667 2274 depravate
688 2195 817 2256 vivendi
835 2217 923 2273 mos,
945 2219 1009 2279 qua
1028 2219 1118 2260 occa·

93 2300 181 2360 sione
214 2319 312 2375 pagos
348 2296 545 2377 coiijungere
582 2299 684 2357 risum
717 2305 785 2370 est,
824 2298 992 2376 paulopost
1021 2300 1117 2361 urbes

33 2416 37 2421 ·
93 2409 299 2469 construere,
321 2417 438 2477 easque
460 2394 573 2466 muris,
593 2405 624 2457 et
647 2395 892 2475 propugnaculis
917 2399 1056 2473 firmare,
1082 2416 1119 2457 ac

94 2498 251 2571 turribus,
281 2507 312 2556 et
332 2493 425 2557 lossis
443 2493 649 2555 communire.
689 2495 726 2555 ln
746 2515 841 2575 quam
860 2497 1118 2575 conventionem,

94 2618 164 2657 cum
187 2593 406 2672 ignavissimus
435 2594 571 2675 quisque
599 2592 811 2656 consensisset
834 2595 943 2671 lacile,
972 2597 1117 2679 quisquis

96 2706 148 2756 aut
169 2713 286 2772 genere
307 2692 411 2754 bonus
430 2691 505 2763 luit,
538 2708 590 2752 aut
609 2692 712 2753 animo
732 2714 886 2772 presens,
913 2698 1017 2778 patriae
1039 2717 1117 2758 con·

95 2793 267 2857 suetudinis
293 2802 404 2865 tenax,
438 2802 469 2852 et
499 2790 573 2851 aviti
598 2791 692 2852 moris
716 2812 819 2856 amaus
847 2795 1118 2859 contumacissimo

95 2894 246 2955 adversus
267 2890 501 2970 corruptionem
522 2889 653 2964 restitit,
681 2889 844 2971 irulignum
865 2904 972 2966 ratus,
994 2906 1119 2976 turpem

93 2993 199 3055 lacere
228 2992 523 3061 commutationem,
562 2989 794 3070 proposuitque
821 2991 981 3053 mordicus
1008 3003 1117 3053 tenera

93 3095 133 3156 ab
164 3092 301 3174 antiquis
338 3089 470 3165 tradita,
512 3111 571 3151 nec
598 3089 762 3151 discedere
791 3090 829 3151 ab
864 3087 1005 3172 ingenio.
1044 3091 1120 3155 Fuit

94 3197 143 3257 ille
163 3211 283 3266 autem,
317 3190 571 3274 quotusquisque
596 3190 671 3266 snit,
699 3188 816 3254 bellicae
843 3189 985 3271 inprimis
1009 3190 1117 3272 glorie

94 3295 276 3368 studiosus,
315 3289 456 3371 pecunie
491 3301 708 3371 contemptor,
741 3291 974 3375 exercebatque
1001 3314 1035 3355 se
1061 3316 1118 3358 ve·

94 3394 217 3466 nando,
238 3404 269 3452 et
287 3389 447 3473 tranquilli
467 3389 629 3468 impatiens
651 3391 726 3452 odio
751 3392 885 3453 habebat
906 3395 1064 3477 quietem,
1085 3403 1119 3478 et

95 3492 235 3552 convitio
255 3490 505 3572 persequebatur
518 3489 642 3566 -otium,
671 3491 742 3552 hinc
762 3492 912 3554 discessio
938 3494 1002 3555 haec
1021 3495 1114 3571 lacta,

95 3611 165 3652 nam
199 3589 258 3650 illis
289 3590 393 3657 omnia
428 3589 619 3652 notantibus
651 3590 682 3652 bi
702 3602 810 3654 contra
831 3592 880 3655 rei
899 3593 1115 3679 indignitatem

95 3703 203 3754 vetera
223 3689 439 3752 adseruerunt.

492 3784 716 3853 Pha'c‘thon.

172 3894 245 3974 Quo
263 3904 351 3951 motu
371 3888 410 3951 ad
429 3908 512 3951 arma
532 3903 720 3969 perventum
745 3899 812 3967 est,
840 3889 875 3954 iu
898 3891 1013 3978 quibus
1038 3888 1114 3976 jam·

96 4013 180 4057 siurac
200 3990 348 4072 utrinque
368 3988 565 4053 desudatur?

558 4092 646 4154 Sol.

171 4193 213 4256 Ut
238 4192 344 4269 vides3
369 4203 478 4255 movet
502 4191 585 4254 enim
610 4191 712 4255 fortes
743 4190 821 4258 istos
844 4193 1005 4258 mollitiem
1029 4192 1115 4274 apud

99 4312 130 4354 tc
151 4296 229 4370 coli,
262 4305 294 4355 et
320 4295 448 4356 luxurie
482 4313 612 4375 operam
636 4293 715 4357 dari.
753 4293 912 4359 Praeterea
929 4295 963 4358 in
982 4295 1115 4359 urbibus

131 4422 195 4470 ituri.
209 4426 253 4485 op.
270 4427 298 4474 r.
310 4426 350 4472 tu.
704 4399 754 4471 34
