2632 5086
276 1289 883 1365 Interlocutores

354 1493 561 1551 Huttenus
592 1504 627 1546 et
657 1492 814 1549 Febris.

483 1794 673 1853 Hutteu.

66 1875 161 1989 Quin
191 1912 228 1962 tu
258 1901 347 1962 abis!
387 1922 480 1981 quam
506 1901 645 1978 oportuit
672 1899 774 1978 primo
802 1901 902 1963 statim
932 1903 983 1964 die
1015 1903 1081 1964 exi·

62 2025 148 2086 gere,
187 2013 256 2062 tam
283 2002 442 2062 molestam
468 1999 636 2078 hospitan13
661 2011 755 2082 atque
774 2001 899 2063 audin'?
925 2003 992 2078 abi,
1012 2003 1080 2083 abi,

63 2108 181 2184 apage!
208 2102 238 2174 ζ’)

500 2199 653 2261 Febris.

132 2304 179 2365 At
199 2321 242 2361 ex
265 2290 323 2363 tu!¹
341 2298 429 2360 simul
448 2298 652 2372 humanitate,
681 2309 712 2358 et
730 2301 829 2360 veteri
852 2301 1080 2365 Germanorum

57 2400 206 2463 instituto
224 2399 350 2472 luerat,
368 2396 535 2476 hospitium
554 2400 660 2459 saltem
678 2410 921 2459 commonstrare
943 2400 1080 2461 abeunti.

62 2504 256 2581 Quanquam
278 2508 309 2557 te
328 2497 456 2570 iterum,
486 2498 598 2558 silleri
620 2507 739 2577 potest,
773 2518 854 2571 oro,
882 2520 922 2558 ne
943 2499 1079 2577 expellas

58 2601 121 2661 hoc
138 2597 266 2676 hyemis
286 2596 450 2670 incertam,
472 2616 537 2678 quo
557 2596 773 2657 dis-mteudum
794 2597 843 2658 sit.

494 2697 660 2757 Hutten.
790 2693 793 2700 ’

136 2797 219 2858 Tibi
238 2797 311 2857 dico
330 2795 479 2875 primum,
504 2795 572 2856 abi!
601 2795 652 2855 Ad
671 2795 836 2873 hospitium
857 2797 969 2857 (leurdo
990 2798 1077 2878 quod

52 2899 213 2981 pertinet.
247 2895 346 2956 Vides
359 2896 437 2957 hane
449 2896 593 2976 portam?
614 2916 670 2974 per
682 2915 749 2955 eam
765 2896 964 2956 descenditur
982 2902 1077 2956 recti.

492 2994 644 3055 Febris.

130 3097 210 3159 Duc
228 3115 280 3156 me
299 3114 374 3174 age,
403 3115 514 3155 verum
532 3096 570 3156 ad
589 3095 723 3176 aliquem
743 3094 804 3153 duc
823 3094 1074 3172 voluptuarium,

51 3195 212 3268 divitem,
234 3204 411 3272 potentem,
440 3195 491 3254 cui
511 3195 585 3275 equi
605 3194 680 3268 sint,
701 3193 848 3266 ministri,
869 3192 1014 3268 comites,
1044 3203 1076 3254 et

48 3294 179 3356 familia
199 3292 347 3371 copiose,
367 3305 399 3354 et
418 3304 539 3366 vestes,
560 3304 591 3355 et
610 3293 709 3368 horti,
732 3304 761 3353 et
781 3293 906 3353 balneae.

488 3394 648 3485 Hultffl.

135 3493 267 3569 Hospes
287 3502 332 3553 est
350 3491 399 3553 hic
415 3491 498 3570 ipse,
529 3493 567 3551 ud
587 3493 799 3573 quemdum,
828 3492 882 3551 sed
903 3512 966 3551 non
987 3502 1071 3552 caret
1094 3482 1098 3489 ’

53 3594 123 3666 bis,
155 3612 194 3651 ao
218 3591 315 3652 utitur
339 3594 446 3653 eredo.
491 3592 596 3671 Atque
619 3611 722 3652 eccam
742 3591 797 3651 tibi
823 3592 958 3651 domum.
997 3589 1073 3670 Agit

54 3692 101 3751 ibi
120 3711 332 3771 magnacum
356 3692 503 3752 comitatu
524 3690 696 3751 Cardinalis
716 3692 746 3752 S.
771 3689 864 3760 Sixti,
894 3690 995 3750 Romi
1014 3690 1074 3748 luto

52 3790 243 3869 prosecute,
276 3790 439 3867 pecuniam
465 3812 482 3850 a
509 3789 599 3849 nobis
620 3800 653 3850 ut
678 3799 761 3868 petat
779 3788 812 3847 in
832 3788 945 3847 bellum
964 3796 1073 3847 eontra

56 3891 198 3959 Turum,
220 3907 314 3969 quam
335 3888 486 3955 insumant
507 3890 718 3950 Romanenses
740 3887 805 3959 isti,
824 3906 937 3977 magno
960 3884 1072 3946 iterum

53 3998 208 4064 apparatu
231 3987 464 4063 expeditionem
490 3999 650 4048 moventes
679 3986 770 4066 periti
799 3985 980 4056 bellatores,
1016 3984 1073 4043 ob-

52 4086 190 4147 noxium
207 4084 264 4147 tibi
284 4107 395 4169 genus.
432 4089 520 4167 Age,
542 4089 678 4165 occupa!
708 4085 803 4147 cubat
821 4094 923 4146 autem
943 4083 974 4143 iu
994 4084 1071 4161 palla

93 4296 123 4358 ⁸)
140 4318 242 4364 vaae:
259 4280 345 4366 apage.
