2632 5086
436 84 439 89 ¹
448 82 453 101 Ι

447 108 451 123 s

444 128 450 143 s

381 39 1314 347 -

403 534 407 545 Ι

220 763 300 857 Ὕ78
488 775 595 857 Triss
618 777 787 858 Romana
809 778 996 882 Dialogus.

634 973 669 1034 tt
683 982 731 1036 ut
746 985 760 1034 t
775 993 838 1036 en.

296 1070 505 1136 Scribendum
523 1082 571 1134 est
596 1083 715 1149 tamen,
746 1085 778 1135 ct
802 1072 835 1135 in
861 1074 964 1139 lucem
988 1074 1111 1138 edenda
1129 1075 1263 1152 veritas,

225 1194 293 1256 quae
312 1182 415 1234 saneta
434 1171 526 1236 nobis
547 1183 636 1248 esto,
663 1184 695 1234 et
716 1171 892 1237 Christiana
909 1177 1002 1256 plane
1022 1173 1146 1238 fiducia.
1184 1172 1264 1256 lpse

223 1273 306 1334 eninr
324 1283 467 1335 servator
485 1285 595 1336 noster
614 1293 678 1358 qua
696 1273 730 1336 id
745 1273 915 1354 pertinacia
935 1274 1017 1357 egit,
1039 1274 1184 1359 quotidle
1204 1276 1264 1336 ad·

222 1391 334 1434 sersus
366 1370 524 1453 principes
553 1375 769 1449 sacerdotnm,
803 1383 836 1435 et
861 1374 982 1438 scribas
1007 1375 1264 1455 proclamando?

222 1469 314 1552 cujus
333 1471 475 1554 vestigiis
496 1472 673 1536 insistentes
693 1473 848 1538 debemus
874 1474 1047 1538 obfirmare
1066 1495 1125 1538 nos
1146 1494 1262 1539 contra

223 1592 295 1649 cos,
331 1576 556 1658 quindenum
578 1584 731 1659 questum
753 1571 928 1636 abutuntur
958 1595 1121 1638 sacrorum
1141 1575 1261 1653 titulis,

221 1686 254 1737 et
271 1696 332 1757 pro
347 1675 469 1757 ⁴Christi
488 1675 631 1739 doctrina
652 1676 814 1737 bominum
832 1677 1065 1757 preceptiones
1085 1676 1259 1740 substitue-

220 1788 310 1853 runt,
340 1797 445 1861 neque
473 1776 625 1840 docentes
651 1771 714 1857 jam
734 1787 838 1851 recte,
865 1775 1154 1859 neque'lacientes.
1194 1777 1262 1858 Qui

222 1889 494 1946 corumntaverunt
529 1877 691 1938 veritatem
727 1875 790 1939 Dei
820 1875 854 1938 in
881 1876 1094 1951 mendacium,
1127 1888 1163 1938 et
1192 1900 1263 1941 ser-

221 1976 372 2040 viendum
390 1987 522 2039 monent
553 1987 705 2038 creature
732 1977 857 2056 potius,
889 1998 982 2060 quam
1000 1963 1154 2039 ‘creatori
1194 1970 1260 2059 Qui

221 2099 305 2153 non,
336 2088 372 2140 ut
391 2089 551 2159 pastores,
580 2075 777 2140 intraverunt
796 2097 855 2159 per
874 2077 1008 2151 ostium,
1032 2079 1090 2141 sed
1104 2087 1140 2140 ut
1155 2077 1259 2154 iures,

221 2189 253 2239 et
273 2180 411 2240 latrones
434 2177 667 2252 adscenderunt
686 2177 830 2252 aliunde,
853 2179 908 2261 qul
926 2178 1010 2238 enim
1024 2197 1082 2258 per
1096 2176 1257 2255 fraudem,

221 2288 253 2339 et
271 2275 472 2340 ambitionem
500 2277 631 2352 intrant,
663 2298 720 2359 per
743 2276 903 2341 Christum
929 2298 994 2338 uon
1015 2275 1143 2339 intrant.
1183 2279 1258 2340 Hoc

219 2376 298 2442 illud
316 2388 364 2441 est
383 2377 498 2442 ostium
514 2376 613 2453 euim,
634 2398 693 2458 per
706 2377 794 2463 quod
807 2377 948 2440 eundum
963 2387 1011 2441 est
1025 2378 1066 2440 ad
1081 2378 1148 2441 hoc
1161 2377 1257 2454 ovile,

220 2500 287 2563 quo
307 2499 378 2541 cunr
398 2477 544 2556 venitur,
563 2488 631 2540 turo
648 2493 780 2558 pascere
799 2488 927 2558 oportet
946 2498 1024 2539 oves
1034 2469 1172 2556 Christi,
1190 2499 1257 2542 nou

219 2574 336 2654 furari,
356 2589 492 2642 mactare
508 2586 540 2639 et
553 2578 699 2659 perdere.
729 2575 852 2642 Contra
863 2580 938 2654 hos,
960 2578 1105 2661 inquam,
1120 2582 1258 2644 clamau-

219 2680 296 2740 dum
318 2695 366 2742 est
385 2699 457 2741 cum
477 2675 636 2752 veduco,
669 2689 701 2741 et
728 2677 848 2760 jugiter
865 2679 1122 2754 vociferantium,
1150 2681 1256 2743 donec

219 2777 274 2854 sit,
305 2779 361 2862 qui
386 2793 556 2842 moueatur
576 2779 728 2863 querelis,
750 2793 783 2841 et
799 2776 1123 2862 complorationihus,
1145 2780 1256 2844 donec

219 2879 280 2955 sit,
300 2878 356 2962 qui
374 2880 436 2943 hoc
452 2879 600 2944 instinctu
620 2878 711 2942 simul
730 2879 861 2956 audeat,
880 2898 916 2941 ac
935 2881 1033 2960 possit
1052 2891 1165 2943 contra
1185 2902 1255 2960 eos,

177 2980 183 2995 ‘
219 2979 375 3066 quinon,
395 2992 431 3044 ut
444 2978 619 3056 debebant,
639 3001 698 3062 per
711 2978 998 3055 mansuetudinem,
1022 2992 1054 3044 et
1068 2982 1260 3047 modestiam

221 3079 338 3146 Christi
359 3081 525 3145 obsecrant
544 3101 638 3157 suos,
666 3081 723 3144 sed
751 3078 958 3144 damnationis
983 3093 1088 3157 metu,
1129 3102 1166 3144 ac
1184 3101 1270 3162 pen,

217 3177 347 3249 ditionis
365 3195 490 3246 terrore
508 3193 638 3264 cogunt.
677 3180 742 3263 Qui
761 3179 788 3244 si
807 3179 955 3262 spiritalia
974 3181 1067 3243 nobis
1086 3204 1144 3244 sua
1161 3183 1257 3248 senri-

219 3295 347 3360 narent,
370 3294 466 3367 atque
485 3282 519 3346 id
539 3294 622 3346 esset
641 3298 782 3361 tempus,
811 3292 846 3343 ut
866 3301 947 3363 opus
965 3279 1051 3344 lacto
1070 3283 1255 3360 videretm,

218 3403 285 3448 nou
311 3381 429 3464 injuria
457 3380 631 3446 sineremus
660 3381 793 3448 carnalia
819 3379 957 3444 vicissim
977 3402 1033 3444 eos
1061 3393 1170 3447 nostra
1189 3405 1256 3447 me-

219 3502 303 3561 tere,
335 3504 421 3547 nunc
449 3503 556 3567 neque
592 3483 666 3546 dant
696 3483 772 3547 illud
795 3504 903 3566 neque
928 3483 1071 3564 accipere
1090 3484 1153 3545 hoc
1171 3482 1255 3548 desi·

219 3595 320 3661 nunt,
348 3584 515 3667 quemdam
534 3580 660 3646 inanem
680 3582 785 3646 offlant
809 3581 946 3665 improbi
975 3583 1113 3659 furnum,
1143 3604 1255 3668 quem-

219 3687 292 3749 dam
320 3684 471 3748 irivolum
499 3683 622 3747 illinunt
650 3683 711 3747 sihi
731 3682 859 3759 fucum,
892 3704 956 3767 qua
973 3682 1087 3755 fraude
1105 3687 1171 3747 haec
1192 3686 1254 3766 ipsi

218 3786 374 3850 auserunt
385 3781 565 3866 prasentia,
594 3781 687 3848 nobis
715 3785 840 3861 futura,
870 3804 939 3868 quse
959 3797 1018 3846 nec
1038 3784 1154 3846 habent
1172 3785 1256 3868 ipsi,

220 3909 280 3953 nec
298 3883 424 3950 suntin
442 3877 602 3950 hominum
621 3897 793 3968 potestate,
814 3884 1013 3968 pollicentur.
1048 3882 1160 3949 ,Tanto
1176 3897 1255 3949 tanr-

220 3990 276 4054 diu
301 3986 403 4071 pretio
432 4002 520 4068 spem
545 3988 624 4051 hanc
652 3988 792 4052 emimus.
836 3985 903 4047 Tot
922 3983 1024 4047 modis
1044 3984 1157 4046 oll'ensi
1175 4005 1256 4047 con·

220 4089 379 4156 tumeliam
397 4109 464 4154 non
483 4087 699 4166 defendimus,
720 4099 751 4152 et
768 4086 915 4165 injuriam
933 4087 1164 4170 propulsamus.

477 4177 483 4194 ⁸
643 4185 837 4253 Ernlrold.

296 4292 398 4358 Recte
419 4286 540 4356 audetis
559 4289 709 4376 quidem,
729 4288 802 4353 huic
823 4287 880 4372 qui
899 4284 1070 4351 reclamatis
1083 4287 1252 4367 tyrannidi.

222 4393 285 4459 Sed
310 4393 436 4458 interim
463 4392 638 4471 prudenter
661 4389 812 4453 cavendae
838 4388 981 4471 ipsomnn
1000 4389 1120 4468 irnidiae
1141 4389 1252 4465 vobo,
