2632 5086
224 848 295 922 etc
334 847 393 919 De
408 844 513 943 Guaj.
527 840 660 915 medie.
676 843 723 914 ad
736 839 876 947 Allrerts
890 844 1009 940 princ.
1026 846 1133 942 prael.

222 1036 334 1101 dono?
364 1037 428 1099 L'hi
452 1034 580 1119 quidem
598 1055 696 1097 unum
715 1034 777 1095 hoc
793 1033 986 1110 haesitabam,
1015 1046 1050 1097 ut
1069 1035 1249 1115 acciperent

221 1139 364 1200 lrornines
385 1139 464 1199 lianc
486 1135 740 1214 descriptionem.
780 1126 927 1197 Verebar
944 1135 1047 1211 enim,
1073 1158 1114 1198 ne
1131 1149 1246 1212 essent,

222 1238 337 1323 quibus
357 1249 497 1300 rnorrstra
522 1236 665 1297 nuntiare
693 1234 836 1307 viderer3
867 1243 901 1295 et
920 1254 1019 1316 qunrn
1050 1258 1086 1298 ea
1114 1236 1153 1297 sit
1182 1239 1246 1298 hec

220 1337 395 1413 medicina,
433 1348 468 1399 ut
486 1338 657 1397 inultorum
687 1354 757 1396 earn
772 1335 851 1396 lides
870 1345 1021 1413 respuat,
1048 1336 1246 1399 rnedicorum

219 1438 332 1521 placita
358 1457 423 1498 non
448 1446 636 1518 agriescunt:
665 1433 857 1507 metuebam,
888 1454 983 1514 posse
1005 1436 1093 1511 lieri,
1124 1447 1245 1499 utnon

219 1532 355 1600 l'abulam
373 1550 517 1617 putarent
535 1534 632 1620 aliqui
648 1535 754 1615 effingi
769 1535 847 1597 hanc
866 1556 883 1596 a
903 1554 971 1607 me;
991 1547 1059 1610 ant,
1081 1536 1156 1596 dum
1177 1557 1246 1598 rein

219 1638 410 1720 incognitam
419 1649 518 1700 tracto
526 1683 534 1711 ,
543 1639 604 1700 hoc
614 1637 742 1699 credant
751 1680 760 1711 ,
769 1635 800 1696 in
812 1635 961 1697 restituta·
974 1635 1046 1697 rnilri
1057 1635 1244 1697 valetudinis

217 1736 418 1823 jactationem
437 1737 567 1801 effusius
584 1737 746 1819 progredi.
790 1739 904 1820 Neque
924 1735 974 1797 ita'
989 1736 1115 1801 curiose
1134 1758 1244 1818 qrrenr·

218 1861 312 1925 quani
335 1841 400 1901 lnce
423 1850 628 1900 tractaturum
650 1849 751 1918 puto,
781 1850 816 1899 nt
837 1849 949 1919 neget,
979 1836 1011 1898 in
1035 1835 1164 1917 Guajaci
1188 1838 1244 1897 dc-

217 1939 388 2020 scriptione
418 1939 533 2001 librum
557 1960 574 1999 a
595 1961 643 2000 rne
669 1937 738 2001 fieri
759 1938 959 2020 oportuisse:
986 1959 1083 2019 ‹punn
1101 1937 1243 2000 brassicae

217 2040 366 2101 volumen
392 2039 545 2101 dicaverit
567 2036 786 2118 Chrysippus,
822 2060 956 2120 eantque
981 2038 1134 2101 irnrncnso
1161 2041 1242 2119 plus,

217 2149 251 2202 ut
280 2137 382 2221 inquit
411 2139 556 2214 Plinius,
595 2138 768 2201 laudaverit
789 2138 838 2199 M.
862 2138 962 2211 Cato,
995 2149 1026 2198 et
1045 2139 1085 2200 de
1103 2141 1243 2219 raphano

215 2236 329 2304 librum
349 2240 509 2320 scripserit
528 2237 694 2304 Illarchion
708 2238 851 2312 Graecris,
871 2238 912 2298 dc
929 2239 1022 2317 scylla
1036 2238 1244 2321 Pythagoras.

216 2340 314 2422 Quod
344 2340 370 2402 si
403 2360 463 2421 pro
489 2338 557 2417 Diis
582 2339 846 2423 olimOcolnerunt
872 2337 975 2399 allium
1002 2340 1045 2399 ct'
1056 2360 1149 2420 cepas
1179 2342 1243 2402 Ae-

215 2438 331 2521 gyptii,
361 2459 507 2520 egenen
526 2440 655 2500 adorem
676 2436 876 2516 Gnajacum?
903 2438 1055 2500 Prolccto
1076 2439 1246 2521 indignum

214 2539 289 2605 nihil
306 2540 409 2616 facie,
442 2541 680 2604 immoderatum
705 2537 790 2600 nihil.
834 2539 897 2601 ubi
921 2539 1006 2600 ferre
1031 2540 1115 2621 apud
1141 2552 1172 2601 te
1192 2539 1242 2617 ju-

215 2638 318 2703 dicem
343 2662 474 2721 possum
499 2640 584 2704 illurn
609 2637 791 2701 mirabiliter
817 2638 969 2718 probum,
1005 2652 1036 2700 ct
1067 2662 1133 2724 quo
1162 2640 1241 2703 alius

215 2737 370 2804 sincerior
393 2741 464 2805 fieri
483 2758 549 2802 non
570 2749 690 2820 potest,
717 2738 891 2802 Henricnm
913 2738 1128 2815 Strorn'erum‚
1149 2740 1242 2802 tibia

213 2839 396 2917 medicinis;
433 2840 475 2902 ita
504 2849 540 2901 ut
566 2858 638 2901 eum
664 2839 763 2920 patiar
786 2839 881 2902 libelli
905 2837 1000 2919 hujus
1024 2839 1243 2904 Aristarchum

214 2936 318 3002 abste
339 2937 505 3012 constitui3
526 2960 591 3000 non
612 2950 688 3015 tarn,
711 2939 785 3024 qnia
801 2938 876 3002 milri
891 2939 1161 3002 consentientibus
1181 2961 1240 3020 pcr

214 3038 319 3115 omnia
336 3038 480 3102 sensibus
499 3037 603 3102 virum
621 3061 710 3118 esse,
731 3039 815 3117 scio,
837 3061 932 3123 quam
947 3039 992 3101 tui
1006 3038 1154 3115 caritate,
1184 3040 1240 3123 qui

211 3137 343 3202 mirifice
368 3139 497 3219 flagrat,
529 3150 578 3216 et,
611 3141 686 3224 quia
711 3141 829 3203 hocin
853 3139 984 3201 virent
1008 3138 1171 3222 integritas
1191 3153 1239 3202 est

213 3240 342 3317 eximia,
372 3239 414 3300 ita
431 3237 718 3318 jndicinnreminet
735 3263 830 3321 supra
854 3242 1017 3324 vulgarent
1042 3237 1240 3305 medicorum

210 3353 338 3407 sortem.
394 3339 519 3420 Quibus
548 3341 641 3404 etiarn
668 3341 877 3404 virtutibus
868 3364 901 3403 in
932 3340 1048 3421 intingis
1082 3363 1151 3403 esse
1180 3342 1238 3404 tibi

211 3440 341 3505 meruit:
359 3459 447 3501 novo
465 3440 578 3504 iterum
592 3441 791 3505 humanitatis
808 3452 869 3503 ture
888 3443 1100 3519 documento,
1125 3465 1236 3524 inagna

210 3540 334 3604 virtutis
358 3538 521 3622 opinione.
567 3539 655 3622 Quid
679 3509 775 3605 resta⁰t
797 3541 912 3622 igitur,
952 3541 1012 3603 nisi
1039 3554 1075 3605 nt
1104 3543 1147 3605 ob
1173 3546 1238 3606 haee

211 3638 333 3713 officia,
360 3639 440 3701 hane
465 3640 644 3720 pietatem,
676 3640 941 3703 sanctissimorum
965 3643 1108 3707 virorum
1135 3646 1238 3707 calen-

209 3738 317 3814 dario,
338 3738 559 3802 immortalium
574 3742 709 3802 heroum
727 3742 799 3804 albo
818 3740 990 3806 inseramus
1008 3744 1064 3807 te'r'
1095 3745 1157 3807 Sed
1173 3742 1236 3825 jain
1274 3771 1278 3782 ·

210 3840 248 3903 ad
268 3859 373 3900 meum
390 3843 609 3904 munusculum
633 3853 797 3918 revertar,
817 3845 901 3906 hunc
922 3845 1053 3921 librum,
1083 3867 1149 3929 qno
1163 3868 1236 3926 per·

208 3934 377 4000 scribendo
398 3941 440 4002 ita
458 3940 554 4018 scias,
579 3962 630 4004 me
653 3952 786 4004 tractare
807 3944 944 4009 studium
963 3945 1141 4021 medicine,
1169 3969 1235 4008 non

206 4050 243 4100 ut
258 4037 446 4116 discipulum
463 4041 659 4105 medicorum
676 4064 851 4127 agnoscas,
872 4044 930 4106 sed
948 4055 985 4106 ut
1001 4045 1235 4122 exploratorem

197 4134 240 4199 ·in
258 4137 306 4200 nis
323 4139 422 4204 literis
438 4152 595 4204 versatum
615 4143 768 4224 suspicari
787 4144 900 4225 possis.
939 4142 1037 4222 Quod
1054 4143 1235 4222 cujusmodi

206 4234 247 4300 sit
269 4249 305 4299 ut
325 4239 499 4321 intelligas,
536 4243 646 4306 amabo
669 4254 720 4320 te,
757 4242 874 4325 optime
901 4239 1075 4320 Princeps,
1107 4243 1233 4309 abistis

205 4338 365 4421 paulisper
382 4339 503 4424 magnis
527 4340 673 4407 diversus
706 4342 809 4420 curis,
841 4343 904 4407 huc
933 4339 1070 4405 animum
1092 4343 1234 4408 adverte.

206 4435 355 4523 Mogont.
374 4441 472 4506 Anno
491 4441 542 4506 Μ.
560 4442 604 4506 D.
617 4443 717 4509 xlx.
