2632 5086
148 790 215 863 172
321 784 365 859 In
389 785 576 858 Ulrichum
599 781 983 879 Wiirtenbergenaem

141 988 238 1059 atque
257 977 338 1039 adeo
363 978 560 1059 suspiciones
576 976 716 1039 accusari
732 975 815 1056 apud
839 994 876 1038 se
893 993 1004 1054 pascite
1024 983 1090 1045 est;
1115 972 1174 1055 qrri

142 1077 203 1138 lroc
225 1077 362 1151 studuit,
385 1089 419 1139 ut
441 1075 510 1159 jus,
530 1077 628 1139 atlas
649 1096 744 1137 omne
763 1076 900 1148 deleret,
924 1073 1008 1153 ipsas
1028 1073 1172 1135 ludibrio

141 1176 228 1257 leges
258 1177 405 1252 haberet,
433 1198 475 1239 ex
500 1199 557 1241 sua
583 1176 714 1240 libidine
736 1175 840 1237 omnia
863 1174 1066 1253 gubernaret.
1107 1172 1171 1237 Cui

140 1276 220 1341 lides
247 1289 353 1342 sancta
387 1298 452 1340 uon
477 1279 556 1353 luit3
603 1276 823 1358 jusjurandum
855 1275 910 1357 qui
938 1274 1171 1337 contemnebat.

142 1376 208 1456 Qui
230 1398 295 1439 raon
313 1380 446 1453 sotum,
464 1401 534 1462 quac
554 1379 759 1460 promiserat,
786 1396 852 1439 non
869 1374 1026 1455 prestitit,
1056 1396 1170 1438 verum

139 1475 249 1550 etiam,
267 1499 336 1560 quac
347 1476 524 1558 juraverat,
539 1490 572 1541 et
585 1476 701 1561 quibus
713 1478 754 1538 de
767 1476 874 1559 signa,
884 1478 1006 1549 literas,
1022 1496 1058 1537 ac
1072 1486 1170 1538 testea

143 1573 399 1657 interposuerat,
422 1599 557 1662 quaeque
574 1590 639 1640 rata
652 1577 830 1640 habiturum
847 1598 882 1640 se
900 1576 1004 1639 modis
1021 1577 1169 1639 omuibus

140 1676 236 1739 fidem
263 1679 412 1753 dederat,
440 1677 603 1742 illudendo
633 1678 726 1740 etiam
756 1677 954 1749 retrectarit3
986 1676 1044 1759 qui
1071 1698 1169 1756 sacra,

139 1776 340 1861 prolauaque
375 1778 509 1858 pen’nde
547 1778 676 1843 habuit:
711 1777 768 1860 qui
796 1800 815 1839 a
839 1777 998 1840 Diuorum
1034 1776 1167 1857 templis,

138 1896 159 1939 a
179 1877 353 1960 religione,
382 1902 400 1941 a
419 1881 618 1943 sacerdotum
639 1878 847 1953 immunitate,
872 1878 1042 1958 sacrilegae
1057 1896 1168 1939 manau

138 1996 207 2039 non
216 1976 375 2040 abstinuit.
396 1979 460 2058 Qui
472 1979 504 2041 in
513 1979 655 2042 faeminas
666 1980 781 2059 stupris
791 2024 800 2053 ,
811 1981 845 2041 in
856 1978 1038 2042 viroscoede
1048 1998 1169 2059 grassa·

139 2085 191 2139 tus
200 2086 259 2138 est.
280 2077 344 2156 Qui
353 2075 506 2159 conjugia
514 2077 644 2141 libidine
656 2079 789 2141 violavit
800 2124 809 2153 ,
822 2079 970 2141 amicitias
981 2078 1168 2141 crudelitate

139 2175 294 2241 dissolvit.
315 2179 418 2257 Quem
433 2179 731 2254 nulladedccornm‚
747 2192 779 2241 et
793 2181 1003 2261 pessimorum
1013 2182 1169 2244 scelerum

140 2276 401 2358 lamapcrmoiit,
412 2280 470 2343 sed
479 2300 555 2343 usus
567 2279 883 2360 jucunditateaffccit.
901 2281 1046 2360 Quicum
1054 2280 1169 2343 acraleia

138 2377 297 2443 dictorum
315 2382 450 2458 pariter,
472 2402 509 2444 ac
524 2382 714 2460 scriptorum
733 2382 875 2464 undique
885 2391 1167 2463 compungeretur,

139 2502 201 2545 ttec
227 2478 345 2545 sentire
372 2483 434 2543 hoc
459 2480 562 2544 videri
588 2484 697 2557 vellet,
721 2504 786 2543 non
808 2482 988 2545 merebatur
1015 2478 1167 2543 Germani

138 2578 353 2654 tortitudinis,
386 2593 440 2644 aut
465 2583 725 2664 magnanimitatis
755 2582 958 2663 opinionem,
996 2582 1055 2644 sed
1078 2581 1168 2642 loedar

139 2677 340 2760 impudentia
358 2690 425 2739 erat
440 2681 521 2756 hacc,
542 2694 574 2745 ct
585 2683 708 2745 fiduciae
723 2683 871 2745 adsertio.
911 2681 978 2762 Qui
990 2702 1067 2757 coa,
1083 2702 1167 2767 quoa

137 2777 317 2853 interiecit,
340 2781 443 2861 lugeri
463 2783 557 2845 etiam
575 2784 693 2857 vetuit,
716 2795 749 2845 ct
766 2784 884 2845 clarum
901 2782 1058 2864 equitem,
1078 2782 1168 2864 quod

136 2877 228 2941 amici
251 2900 363 2944 necem
386 2880 553 2961 deplorare
574 2884 700 2947 auditus
722 2895 825 2957 essct,
850 2883 986 2945 coulodi
1006 2884 1166 2964 praecepit.

137 2980 203 3062 Qui
223 2981 439 3045 crudelissime
463 2983 641 3065 interempti
667 3004 784 3063 corpus
815 2985 855 3046 ad
879 2985 1072 3064 sepulturam
1093 3005 1168 3065 pro,-

136 3080 266 3166 pinquis
286 3082 471 3165 denegarim
494 3106 589 3167 quam
609 3085 816 3165 impietatem,
839 3085 1004 3167 quomodo
1020 3095 1167 3147 serrator

137 3180 283 3247 Christus
299 3184 433 3258 tulerit,
458 3183 585 3248 refosso
608 3186 661 3246 illo
683 3182 745 3263 jam
775 3184 990 3264 perspisimus.
1028 3184 1082 3247 An
1101 3204 1165 3246 uon

136 3292 185 3345 est
201 3283 261 3343 hoc
281 3282 499 3347 admirandum
519 3295 683 3348 commoto
704 3282 876 3347 divinitatis
888 3283 1057 3357 indicium,
1076 3283 1167 3366 quod

135 3381 213 3443 illud
237 3392 385 3465 quartum
404 3380 468 3461 jam
491 3404 608 3447 aunum
634 3385 696 3447 sub
722 3396 807 3447 terra
827 3383 993 3446 delossum
1018 3384 1165 3459 catlaser,

136 3500 243 3565 neque
265 3482 446 3563 putrefieri,
470 3503 576 3566 neque
601 3485 643 3546 ita
662 3484 818 3549 inuuutari
836 3483 961 3564 potuit,
983 3495 1020 3546 ut
1042 3504 1108 3545 nou
1125 3483 1166 3545 ab

137 3580 284 3643 omuibus
300 3582 537 3665 cogitarentur?
574 3583 671 3666 Agite
683 3596 803 3659 autem,
822 3607 892 3668 quae
903 3584 952 3646 illa
962 3582 1165 3666 significatio,

137 3682 228 3764 qttod
242 3684 370 3746 effracta
391 3681 516 3759 tumba,
543 3684 697 3766 sangiune
725 3685 817 3769 qtrasi
843 3706 954 3748 recens
983 3684 1168 3749 conlectum

97 3860 101 3865 Ι
137 3782 283 3847 maduit?
320 3783 488 3860 Proinde,
514 3805 536 3847 o
558 3784 735 3867 principes,
767 3807 804 3849 ac
826 3785 887 3848 viri
913 3785 1083 3860 Germani,
1110 3784 1167 3867 qui

136 3881 298 3947 inimicum
317 3883 737 3960 uehementissimum,
756 3886 804 3949 sic
820 3887 989 3960 audacem,
1009 3885 1057 3947 sic
1075 3905 1167 3964 para·

136 3994 221 4056 trun,
242 3995 273 4047 et
293 3985 489 4060 exercitum,
507 3985 555 4051 sic
574 3985 774 4069 diligentem,
800 3987 962 4061 sedrdum,
974 4066 978 4071 Ι
992 3997 1025 4049 et
1050 4004 1167 4065 perpe·

137 4084 254 4146 traudis
281 4084 456 4148 sceleribus
478 4083 679 4167 vigilantem,
705 4108 741 4149 ac
761 4086 938 4160 assiduum,
959 4085 1016 4167 qui
1035 4084 1165 4164 publico

137 4184 337 4249 Germaniam
360 4196 446 4249 motu
468 4205 505 4249 ac
527 4186 670 4267 perietdo
697 4184 916 4259 liberavimus,
939 4189 969 4257 ⁸²)
990 4185 1165 4267 perariciem

140 4312 165 4319 -ι
189 4310 333 4325 μισ-μ..-

172 4396 200 4447 ’.
220 4414 251 4441 ta
285 4401 427 4461 pond-:iam
445 4404 488 4457 rat
503 4402 712 4451 ‹lurrlrrcstrirtrrn
