2632 5086
152 781 196 849 50
460 770 633 844 Misaulus
655 768 840 868 Dialogus.

153 967 240 1051 quasi
263 965 297 1028 in
322 964 472 1047 vestigio,
508 961 635 1044 quando
661 963 722 1023 hue
745 957 834 1035 illuc,
864 980 987 1025 sursum
1006 962 1161 1025 deorsum

150 1066 418 1150 procurrendum,
461 1064 587 1146 quando
617 1060 808 1142 equitantem
837 1060 923 1123 illum
950 1084 1007 1144 per
1034 1063 1160 1139 urbem,

149 1168 239 1233 sessis
266 1167 319 1226 diu
343 1164 476 1245 pedibus
499 1162 590 1245 sequi
610 1171 753 1241 oportet;
783 1162 909 1242 quando
936 1162 969 1224 in
985 1162 1161 1243 'plurimam

149 1270 331 1350 frequenter
359 1275 485 1326 noctem
514 1262 728 1324 observamhas
755 1271 820 1336 est,
859 1261 934 1323 dum
963 1284 980 1324 a
1006 1263 1158 1326 convivio

148 1368 271 1441 redeat,
302 1364 427 1447 quando
451 1362 485 1424 in
504 1373 599 1436 aestu,
632 1381 668 1421 ac
693 1360 813 1442 frigore
841 1362 1070 1426 excubandum.
1115 1367 1160 1427 Et

148 1470 219 1529 suid
239 1465 396 1539 homines,
412 1461 472 1547 'qni
491 1463 523 1524 in
542 1461 588 1524 his
606 1461 748 1523 :crumnis
767 1462 864 1523 uitam
883 1473 1012 1542 putent,
1041 1463 1097 1546 qui
1123 1465 1157 1527 in

147 1570 208 1630 hoc
220 1565 354 1627 volutari
367 1584 456 1625 corno
470 1565 587 1640 volupe
599 1561 766 1623 admodum
777 1561 908 1637 clareant,
927 1574 959 1624 et
970 1584 1029 1643 pro
1042 1564 1156 1630 delitiis

146 1667 278 1745 habeant
296 1667 359 1728 hsce
379 1664 502 1737 lacere,
529 1663 656 1744 haecque
676 1661 748 1741 pati.
788 1661 886 1742 Quasi
911 1663 1029 1745 aliquid
1053 1664 1157 1727 adhue

145 1764 268 1829 intersit
285 1765 366 1827 inter
383 1763 512 1824 aulicam
529 1760 753 1840 captivitatem,
775 1772 805 1823 et
825 1781 881 1823 eos
898 1764 953 1844 qui
971 1763 1055 1825 bello
1072 1750 1156 1845 capti

148 1865 260 1927 Tuscis
276 1865 433 1936 serviunt,
449 1873 501 1923 aut
515 1860 627 1922 serviri
639 1859 832 1941 principibus
848 1861 924 1923 citra
938 1862 1155 1941 assentationis

144 1964 253 2025 vitium
273 1962 381 2043 possit.
419 1963 495 2038 (tue
513 1972 587 2021 sunt
605 1962 687 2022 enim
706 1961 763 2023 ista
782 1965 875 2041 paulo
895 1974 965 2025 ante
979 1985 995 2024 a
1010 1984 1060 2025 me
1082 1985 1156 2047 per·

144 2064 291 2126 tractata?
303 2084 372 2145 qnae
386 2062 476 2122 etiam
490 2060 517 2122 si
530 2062 569 2122 ad
583 2061 726 2122 amussim
738 2062 854 2145 exequi
865 2063 999 2137 studeas,
1010 2075 1041 2124 et
1052 2065 1155 2127 effice-

143 2187 178 2228 re
191 2163 278 2247 quod
290 2165 408 2243 placeat
418 2159 557 2235 coneris,
567 2172 670 2222 tamen
682 2162 714 2221 in
725 2161 871 2244 ambiguo
882 2174 944 2236 est,
957 2184 995 2223 an
1010 2174 1094 2226 tuam
1105 2166 1154 2227 ille

143 2263 336 2328 sedulitatem
351 2272 514 2343 agnoscat,
533 2271 586 2321 aut
601 2283 657 2342 per
670 2262 804 2342 optimos
821 2262 889 2323 illos
904 2263 1102 2327 convictores
1115 2287 1154 2327 au

143 2368 265 2448 placere
283 2363 340 2427 tibi
355 2363 455 2425 liceat.
487 2362 554 2422 Nec
565 2361 667 2423 minus
679 2363 780 2441 danda
794 2383 907 2441 opera,
929 2364 1048 2446 nequid
1061 2365 1154 2429 aulici

141 2467 191 2528 isti
203 2485 387 2527 susurrones
400 2461 592 2543 improbent,
607 2482 698 2544 quam
709 2461 774 2540 ipse
785 2462 908 2541 Jupiter
916 2474 987 2525 nurus
1000 2485 1039 2525 ne
1053 2467 1154 2527 offen-

141 2586 205 2626 sam
221 2566 390 2631 contrahat.
428 2565 508 2622 Nam
518 2561 572 2622 ubi
582 2562 611 2635 Ψ)
624 2561 649 2622 si
665 2561 822 2623 assiduum
836 2574 866 2622 tc
878 2562 1020 2638 videant,
1038 2577 1076 2637 ,ut
1089 2564 1155 2644 jam

139 2661 384 2743 frequentarint
404 2659 551 2739 principis
570 2661 696 2721 mnibus
714 2660 861 2741 incipias,
896 2663 1038 2724 meritum
1058 2686 1153 2727 omne

140 2771 229 2823 tuum
248 2761 403 2821 invertere
423 2761 548 2821 student
561 2760 626 2836 **),
647 2782 774 2838 gravem
794 2773 957 2837 vocantes,
979 2786 1015 2825 ao
1033 2765 1153 2844 impor-

140 2869 260 2921 tunum.
316 2861 358 2920 Et
391 2858 446 2920 ubi
480 2860 648 2921 ascendere
685 2862 966 2943 quantuliscunque
1000 2866 1152 2946 gradibus

139 2958 428 3035 animadverterint,
454 2958 623 3037 dejiciendi
644 2960 805 3023 consilium
829 2962 962 3043 capiunt.
1004 2967 1151 3044 Quorum

139 3058 244 3123 studio
270 3060 386 3121 lactum
415 3071 479 3136 est,
515 3071 549 3121 ut
573 3060 653 3119 inter
679 3058 816 3139 abjectos
847 3084 930 3122 nunc
958 3066 1151 3128 accumbam.

141 3157 237 3221 Certe
258 3160 339 3221 enim
359 3162 491 3222 fortunae
510 3172 578 3221 rota
598 3171 658 3232 est,
681 3158 787 3221 Caste!
809 3161 840 3221 in
859 3163 915 3223 lrac
934 3163 1013 3237 vita,
1035 3164 1066 3224 in
1086 3186 1150 3247 qua

140 3258 391 3367 quotusquisque
402 3261 427 3318 si
444 3260 632 3321 asscenderit
648 3260 754 3334 ctiam,
767 3260 821 3322 diu
835 3261 1006 3324 consistere
1022 3266 1151 3343 potest?

139 3358 181 3418 Et
202 3355 271 3438 quis
291 3368 399 3436 posset
419 3357 476 3421 illis
501 3358 688 3431 consistere,
723 3359 775 3420 ubi
795 3362 824 3395 Ψ
816 3361 861 3433 ΙΨ)
888 3361 1023 3423 vicissim
1044 3365 1151 3427 omnia

139 3457 233 3530 fiunt,
255 3466 289 3516 ut
308 3457 363 3536 qui
382 3478 465 3519 nunc
484 3457 629 3520 sublimes
649 3469 734 3533 suut,
761 3482 869 3523 rursus
889 3461 1096 3540 decumbant,
1117 3477 1150 3529 et

139 3555 195 3637 qui
220 3556 312 3634 paulo
345 3568 415 3618 ante
441 3557 710 3637 deprimebantur,
748 3580 830 3620 nune
861 3582 981 3623 summo
1008 3564 1041 3624 in
1067 3542 1149 3628 orbe

139 3655 351 3736 conspiciendi
372 3656 540 3731 emineant,
561 3668 596 3717 ut
617 3657 693 3718 alius
713 3657 805 3719 alium
824 3659 977 3738 impellat,
1003 3674 1038 3724 ut
1057 3675 1149 3728 tuum

137 3755 222 3818 illum
243 3756 400 3831 aemulum,
421 3756 524 3838 siquid
543 3755 600 3817 tibi
618 3777 769 3838 prospere
787 3760 940 3835 succedit,
960 3772 1039 3823 urat.
1077 3765 1149 3829 Jam

137 3855 170 3916 in
190 3854 240 3917 illa
258 3875 390 3935 pompa,
412 3876 479 3937 quae
501 3854 618 3917 invidia
637 3867 703 3932 est,
724 3857 794 3940 quis
814 3879 878 3941 quo
898 3860 968 3922 loco
988 3863 1151 3926 ambulet?

138 3975 206 4036 quae
225 3952 381 4016 ambitio?
411 3954 534 4015 Deinde
553 3956 778 4033 praelibatores,
809 3959 860 4019 cui
880 3962 960 4021 malo
980 3975 1150 4040 exponunt

137 4073 189 4129 se,
200 4053 403 4134 praecepturi,
413 4055 439 4114 si
453 4074 516 4135 qua
530 4053 572 4114 illi
584 4055 712 4116 domino
725 4078 809 4120 mors
820 4059 970 4121 destinata
986 4072 1033 4122 est
1047 4063 1148 4140 ³⁰⁹⁶).

137 4193 328 4212 *ρ

169 4272 199 4339 ⁸)
222 4282 287 4327 Nam
304 4282 367 4327 ult:
400 4280 451 4340 Qui.
497 4272 545 4342 ⁸⁴)
567 4284 690 4330 larnertere
707 4286 826 4334 student:
855 4285 984 4352 invertunt
1029 4280 1093 4353 m)
1111 4294 1149 4351 ξε

169 4368 223 4423 quis
240 4372 324 4419 posset
342 4368 394 4410 lttls
414 4367 551 4427 consltm,
569 4367 610 4412 ult
619 4381 627 4409 :
645 4368 721 4425 Quot.
757 4359 835 4423 lull¹)
851 4378 905 4417 m,-
924 4372 961 4417 ω,
