2632 5086
1101 427 1105 435 ι

1001 456 1007 467 ι

83 1468 301 1540 Erasmus
337 1465 674 1539 Roterodumus
715 1463 865 1538 Ulrlco
906 1466 1108 1541 Hutteno

531 1638 564 1708 S.
615 1639 662 1708 D.

512 1911 676 1929 nun-n·—

85 2133 194 2250 Qnod
227 2171 358 2227 Thomae
386 2170 483 2226 Mori
511 2159 674 2244 ingenium
700 2160 746 2226 sic
774 2161 918 2239 deonas,
956 2185 992 2228 ac
1025 2186 1109 2250 pene

82 2263 216 2327 dixerim
245 2261 397 2341 (repens,
436 2261 582 2324 nimirum
617 2261 742 2344 scriptia
775 2263 856 2325 illius
891 2265 1109 2345 inflammatur,

82 2365 198 2448 quibus
216 2375 252 2425 ut
268 2383 344 2426 vere
363 2361 491 2438 scribis,
519 2363 594 2425 nihil
615 2384 686 2426 esse
704 2373 824 2444 potest,
845 2384 951 2445 neque
972 2348 1109 2445 doctius,¹

84 2487 186 2549 neque
214 2461 379 2540 festivius,
416 2463 502 2527 istud
525 2462 600 2530 milri
624 2462 738 2539 crede,
769 2462 937 2526 clarissime
962 2472 1108 2541 Huttem,

84 2566 137 2629 tibi
153 2587 226 2629 curn
242 2564 347 2626 multis
363 2582 530 2626 commune
546 2574 611 2639 est,
637 2584 709 2627 cum
723 2572 824 2627 Moru
840 2575 985 2627 mutuum
1002 2561 1108 2629 etiarn.

84 2668 161 2728 Nam
183 2667 209 2728 is
235 2664 372 2727 vicissim
395 2665 476 2727 adeo
502 2662 692 2744 scriptorum
711 2676 840 2729 tuorum
858 2667 956 2748 genio
974 2668 1111 2731 delecta·

83 2779 154 2840 tur,
183 2777 217 2827 ut
238 2764 305 2847 ipse
326 2764 382 2826 tibi
406 2764 639 2844 propemodum
662 2765 829 2830 invideam.
868 2769 943 2830 Haec
961 2767 1110 2836 videlicet

84 2879 133 2928 est
147 2867 197 2928 illa
215 2876 364 2930 Platonis
383 2865 524 2928 omnium
539 2864 674 2927 maxime
689 2866 827 2930 amabilis
846 2868 1017 2947 sapientia,
1037 2890 1111 2954 qu·

84 2968 178 3050 louge
194 2966 413 3049 flagrantiores
437 2987 561 3029 amores
573 2967 699 3029 excitat
720 2966 802 3030 inter
820 2969 998 3044 mortales,·
1015 2991 1110 3052 quarn

83 3071 149 3130 ulle
174 3067 344 3153 quamlibet
370 3067 567 3130 admirabiles
591 3087 764 3147 corporum
788 3065 908 3129 forme.
946 3070 1020 3132 l’lon
1039 3088 1119 3132 cer·-

81 3169 166 3232 nitur
191 3170 242 3230 illa
268 3167 397 3252 quidem
426 3168 526 3231 oculis
553 3167 738 3248 corporeis,
776 3166 834 3231 aed
852 3178 894 3230 et
919 3167 1029 3251 ,animo
1058 3168 1110 3234 aui

82 3282 152 3332 runt
181 3269 283 3346 ocuti,
326 3279 361 3330 ut
392 3268 442 3330 hic
470 3289 602 3352 quoque
638 3288 751 3335 verum
788 3269 1002 3351 comperiatur
1032 3268 1110 3335 illud

83 3380 286 3448 Graecorum,
326 3374 360 3433 iu
386 3377 437 3433 aori
459 3372 528 3456 ὅςᾶν
547 3376 653 3449 γίνεται
673 3369 831 3455 (iniquinate
852 3377 938 3453 ipris,
972 3390 1031 3454 per
1049 3372 1109 3435 ho!

84 3473 117 3532 lit
143 3471 332 3554 aliquoties,
373 3483 409 3535 ut
436 3471 652 3550 ardentissima
684 3473 811 3536 caritate
839 3472 1109 3552 conglutinentur,

83 3571 164 3633 iuter
182 3594 264 3654 quos
285 3594 345 3636 nec
374 3574 585 3657 colloquium,
620 3594 681 3636 nec
699 3583 827 3636 mutuus
852 3585 1042 3655 conspectus
1060 3572 1109 3636 in·

84 3674 238 3736 terccssit.
283 3674 324 3736 Et
350 3676 617 3758 quemadmodum
641 3676 740 3757 vulgo
764 3673 820 3749 sit,
852 3685 888 3735 ut
913 3673 1040 3738 incertis
1067 3672 1110 3737 da

84 3773 186 3835 causis
202 3772 258 3834 alia
272 3773 392 3851 forma,
414 3777 491 3838 alios
506 3776 625 3857 rapiatz
650 3774 699 3836 lta
718 3773 844 3837 ridetur
857 3785 890 3836 et
905 3773 1110 3857 ingeniorum

82 3895 153 3935 esse
175 3873 265 3934 tacita
280 3878 422 3959 quaedam
441 3874 611 3958 cognatio,
636 3873 823 3958 quetaeir,
852 3885 888 3938 ut
906 3876 999 3937 certis
1018 3873 1109 3957 iuge·

81 3975 140 4038 uiis
162 3974 301 4058 impense
320 3979 542 4053 delectemur,
576 3976 695 4038 caeteris
723 3998 789 4039 non
816 3975 901 4038 item.
951 3974 1110 4038 Ceterum

80 4078 169 4159 quod
188 4099 205 4139 a
223 4097 274 4139 me
291 4079 435 4163 flagitas,
455 4090 490 4140 ut
508 4077 563 4140 tibi
582 4087 684 4139 totum
702 4084 837 4140 Morum
851 4078 937 4138 velut
954 4075 1114 4139 intabula·

79 4178 263 4260 depingam,
285 4179 426 4249 utirram!
452 4190 514 4241 tam
533 4178 675 4241 absolute
695 4188 844 4257 prestare
860 4197 992 4260 queam,
1015 4194 1110 4261 quam

80 4287 114 4339 tu
136 4280 343 4342 vehementer
364 4280 464 4362 cupis.
507 4280 588 4341 Nam
611 4274 688 4339 mihi
711 4298 843 4362 quoque
868 4298 934 4340 uon
962 4274 1109 4359 injucun-

83 4376 155 4441 dum
173 4379 293 4453 luerit,
318 4379 448 4446 interim
468 4380 502 4445 iu
523 4378 615 4443 amici
636 4379 736 4441 multo
751 4375 898 4455 omnium
920 4375 1111 4456 suavissimi,-
