2618 5094
346 841 450 916 Trias
478 842 640 919 Romana
664 845 850 945 Dialogus.
1030 849 1101 937 tos

505 1053 540 1113 H
546 1064 673 1116 utten.

154 1167 198 1229 Ar
209 1165 301 1230 etiam
313 1185 380 1229 non
391 1167 564 1230 excludunt
580 1188 735 1251 pauperes
751 1166 982 1252 indulgentiarii
999 1169 1061 1231 isti.

494 1283 691 1348 Ernhold.

154 1397 243 1475 Scio,
263 1400 342 1462 hanc
360 1400 442 1464 viam
459 1401 649 1464 invenerunt
668 1421 770 1482 nuper
789 1403 888 1485 vulgo
905 1401 1099 1480 persuasuri,
1111 1396 1123 1438 ·’

77 1518 143 1560 non
171 1501 312 1581 pecuniae
337 1501 443 1564 studio
470 1503 540 1565 fieri
565 1504 645 1578 hacc,
676 1512 711 1563 ut
732 1501 888 1576 dicerent,
915 1523 950 1564 se
970 1502 1101 1584 quidem

76 1619 142 1662 non
163 1611 348 1680 accepturos
371 1602 556 1683 pecuniam,
577 1603 615 1665 ab
634 1602 689 1679 iis,
711 1601 767 1683 qui
786 1621 853 1662 non
872 1600 1024 1676 habeant,
1044 1601 1101 1664 sed

74 1700 170 1782 gratis
201 1701 277 1763 dare
304 1700 379 1782 ipsis
413 1713 553 1781 tantum,
598 1702 653 1785 qui
693 1704 768 1765 dare
801 1711 954 1780 possunt,
985 1700 1024 1761 ab
1051 1700 1098 1762 eis

75 1812 195 1879 petere.
245 1801 369 1892 Verum
409 1803 472 1864 hoc
504 1801 637 1866 consilio
679 1803 751 1884 plns
780 1799 890 1868 ‚etism
929 1798 1099 1878 auferunt,

74 1921 170 1981 quam
189 1900 349 1980 accepturi
366 1900 483 1984 alioqui
502 1913 610 1978 erant,
639 1904 728 1985 quod
748 1921 843 1963 nemo
868 1900 1034 1963 arbitratur
1053 1900 1101 1964 iau

75 1999 250 2082 dulgentias
270 2000 384 2063 habere
403 1988 458 2076 se,
478 2000 539 2062 nisi
559 2002 724 2081 pecuniam
743 1999 889 2076 dederit,
908 2020 1100 2083 quamquam

74 2113 106 2161 ct
124 2099 385 2183 indulgentiarum
416 2101 518 2165 literas
549 2102 666 2165 nemini
693 2101 788 2183 gratis
816 2101 902 2161 dant.
940 2101 1011 2164 Jam
1031 2101 1100 2162 exi-

74 2221 136 2282 gna
160 2210 208 2261 est
226 2202 290 2262 haec
309 2200 425 2263 viritim
452 2201 605 2280 pecunia,
636 2222 705 2283 quae
733 2198 760 2260 si
780 2197 983 2277 conferatur,
1008 2202 1099 2280 plane

63 2305 221 2368 ,inumensa
242 2303 293 2376 tit,
323 2303 381 2365 hac
400 2322 434 2362 se
460 2301 656 2381 potissimum
680 2317 746 2362 arte
774 2297 953 2362 tolerabiles
978 2299 1100 2362 faciunt

73 2401 271 2464 Romanistoe.
309 2402 421 2485 Itaque
437 2419 546 2463 omnes
563 2403 613 2462 hic
631 2401 706 2461 clare
726 2399 843 2482 aliquid
867 2402 995 2478 volunt,
1013 2401 1098 2462 unde

71 2503 155 2565 unde
174 2503 213 2565 sit
233 2503 293 2564 hoc
321 2502 414 2585 (quis
435 2501 519 2562 enim
539 2503 650 2580 parum
671 2499 748 2582 quid
767 2522 832 2562 non
852 2498 1008 2582 posset?)
1039 2520 1098 2579 pu·

71 2614 170 2664 lantes
196 2603 377 2663 nonnullam
400 2620 434 2661 sc
465 2600 544 2661 inire
569 2599 654 2681 apud
679 2600 784 2661 Deum
812 2601 956 2682 gratiam,
987 2598 1014 2662 si
1041 2620 1098 2681 pa·

72 2701 164 2762 cunia
192 2721 250 2764 sua
279 2700 426 2779 pietatem
451 2710 607 2776 augeant,
644 2700 774 2761 omnino
800 2701 883 2762 enim
908 2698 1096 2783 existimant,

71 2801 130 2880 piis
150 2803 214 2865 haec
234 2799 344 2862 usibus
366 2798 482 2875 tribui,
510 2800 655 2862 mulieres
673 2801 861 2880 pracsertim,
893 2823 962 2884 quac
974 2789 1096 2863 'misere

72 2901 114 2963 ibi
144 2900 361 2981 decipiuntur,
392 2898 479 2964 miris
505 2920 564 2981 per
589 2900 855 2963 consessionarios
881 2902 959 2964 istos
977 2901 1094 2961 lactata

70 2999 366 3085 pollicitationibus,
389 3000 446 3085 qui
472 2997 512 3062 ab
539 2998 584 3060 cis
610 3003 771 3085 emulgeut
801 3013 950 3083 qnantum
982 3003 1095 3061 volunt

68 3105 177 3176 ctiam,
199 3122 259 3166 nec
277 3103 323 3167 lue
343 3101 476 3178 alicujus
499 3099 560 3163 sihi
579 3103 677 3180 cutpae
699 3104 778 3162 liunt
797 3101 947 3174 conscia,
969 3100 997 3160 si
1016 3118 1092 3160 con·

69 3207 167 3289 pilent
188 3201 316 3267 maritos
337 3222 430 3276 suos,
451 3220 487 3263 ac
506 3199 668 3281 detrahant
687 3192 814 3268 liberis,
835 3202 866 3251 et
885 3191 1014 3253 domum
1034 3209 1092 3250 ex-

68 3307 225 3383 hauriant,
256 3315 293 3367 ut
318 3300 508 3383 nugivendis
533 3297 715 3377 largiantur.
755 3292 855 3353 lmmo
875 3301 1008 3380 vocatur
1026 3290 1092 3352 haee

68 3410 184 3488 pietas,
213 3416 245 3467 et
263 3400 479 3466 misericordia
505 3407 655 3469 uocatur,
685 3412 721 3452 ac
743 3413 761 3453 a
780 3389 1036 3470 predicatoribus
1057 3390 1091 3452 in

69 3510 177 3569 coslum
201 3506 322 3581 fertur,
350 3515 385 3566 ut
409 3502 508 3566 virtus
534 3501 592 3565 alia
615 3494 717 3566 nulla,
748 3511 814 3553 non
833 3502 952 3554 tantum
973 3508 1021 3555 est
1039 3512 1091 3553 ca·

69 3607 200 3669 stissime
218 3606 421 3667 matronalem
444 3589 863 3676 conservassepudicitiam,
884 3613 950 3653 non
970 3603 1089 3654 tautum

67 3706 169 3789 probe
189 3714 221 3765 et
240 3715 343 3766 sancte
362 3701 533 3765 instituisse
555 3699 693 3769 liberos,
725 3712 761 3753 ac
781 3693 883 3753 minus
908 3702 957 3752 est
975 3689 1089 3772 conju-

69 3807 156 3891 gium
179 3802 313 3868 fideliter
333 3801 486 3877 coluisse,
512 3810 544 3865 et
564 3793 767 3861 concordiam
790 3792 958 3856 maritalem
975 3792 1013 3852 ad
1031 3811 1088 3851 ex·
1187 3877 1188 3880 Ἴ

67 3920 202 3971 tremum
225 3924 328 3986 usquc
353 3899 497 3984 spiritum
519 3913 748 3968 conservasse,
782 3890 859 3955 nihil
884 3901 1002 3953 tantum
1029 3901 1086 3963 cst,

68 4008 173 4073 omnia
198 4003 312 4079 vincit,
339 4003 390 4065 vel
416 3997 532 4071 furari,
557 3998 655 4081 'qnod
674 4015 734 4077 pro
760 3991 963 4070 indulgentiis
983 3990 1088 4051 detur.

67 4112 141 4173 Hoc
166 4105 266 4169 voluit
294 4121 434 4188 unquam
461 4096 627 4162 Christus?
653 4105 705 4156 aut
729 4112 798 4154 esse
824 4088 945 4172 aliquid
971 4088 1085 4150 rectius

68 4221 176 4273 contra
201 4205 271 4288 ejus
291 4204 466 4269 doctrinam
483 4197 613 4282 potest?

486 4315 520 4379 H
527 4323 660 4378 utten.

144 4438 317 4505 Vadiscnnr
337 4434 473 4505 audiisse
490 4427 617 4493 videris.
