2632 5086
347 681 452 757 Trias
476 682 644 755 Romana
672 677 859 776 Dialogus.
1043 676 1114 751 1173

525 875 557 936 Η
565 883 607 935 ut
617 882 652 933 te
661 893 695 934 n.

165 980 258 1043 Prius
278 978 494 1050 eratrmodus,
524 974 586 1054 jam
606 971 726 1035 infinite
745 969 821 1033 facit
840 972 916 1044 hoc,
943 965 1116 1050 quinetiam

90 1082 220 1161 fingitur
240 1099 275 1141 ut
294 1060 462 1160 plurimum
481 1095 677 1148 reservasse,
696 1093 786 1148 eum,
806 1092 872 1156 quo
891 1071 932 1134 de
952 1089 1114 1152 nunquam

90 1181 256 1261 cogitavit,
277 1179 441 1242 crutisauis
458 1175 634 1259 agentibus.

497 1322 551 1382 Er
563 1319 614 1380 nh
626 1317 708 1380 old.

166 1426 233 1486 Nec
255 1424 297 1485 ob
319 1424 352 1485 id
371 1422 446 1502 ipsis
467 1418 610 1484 irascitur
630 1418 703 1481 itte?

520 1572 686 1632 Hutten.

164 1671 356 1733 irasceretur
386 1690 465 1731 vero
494 1670 528 1730 in
552 1692 588 1731 re
608 1683 668 1731 tam
687 1667 873 1732 fructuosa?
902 1665 1004 1729 statim
1023 1663 1116 1727 adlir·

86 1784 166 1844 mat,
187 1784 217 1832 et
236 1771 398 1832 hominum
418 1771 600 1832 industriam
619 1771 790 1844 collaudat,
824 1788 889 1848 quo
910 1766 953 1831 illi
972 1781 1116 1843 comper·-

87 1882 138 1945 to‚
171 1870 344 1932 observatis
372 1871 580 1951 locupletibus
607 1870 728 1953 ubique
748 1867 860 1932 vetulis
886 1865 1116 1940 sacerdotibus,

86 1972 221 2050 pecunia
241 1971 435 2032 sanctissimo
451 1972 659 2051 persuadent,
679 1984 714 2032 ut
735 1968 965 2053 quamprimum
978 1966 1117 2029 morian-

85 2083 138 2133 tur
154 2070 192 2146 ii,
215 2071 390 2133 sacerdotia
405 2093 473 2154 quac
490 2069 535 2132 sic
551 2082 677 2147 vacant,
697 2082 857 2135 reservata
874 2070 969 2144 dieat,
989 2066 1115 2148 sibique

84 2184 158 2253 post
177 2173 329 2234 conferat.
369 2172 551 2254 Aliquando
581 2173 675 2235 etiarn
700 2183 826 2237 mortuo
854 2171 979 2253 aliquo,
1011 2178 1115 2230 tamea

83 2272 168 2334 idem
189 2273 349 2348 obtinent,
372 2295 435 2355 qua
455 2274 541 2335 inre
562 2274 704 2336 alacriter
724 2274 873 2337 connivet
893 2269 1011 2335 Christi
1030 2270 1116 2332 vica·

82 2373 165 2448 rius,
197 2384 317 2434 tantam
345 2374 450 2448 abest,
492 2387 527 2436 ut
552 2387 681 2453 gravate
712 2384 827 2436 antruat
859 2372 988 2445 sceleri,
1019 2371 1114 2432 immo

83 2475 176 2535 etiam
204 2485 286 2535 tanta
324 2473 403 2535 lucri
431 2475 627 2538 affectatione
656 2475 721 2557 agit
743 2476 821 2548 hoc,
850 2483 886 2534 ut
923 2472 1114 2554 quaudoque

84 2573 230 2646 (luobus,
259 2572 377 2646 tribus,
397 2584 450 2633 aut
471 2574 613 2653 pluribus
631 2575 715 2639 idem
736 2577 798 2638 hoe
815 2594 886 2640 casu
911 2574 1044 2646 vendat,
1061 2593 1114 2637 res

83 2683 130 2733 cst
149 2674 249 2746 enim,
273 2682 308 2732 ut
331 2672 416 2732 nulla
437 2672 511 2747 alia,
535 2675 613 2736 leuis
632 2687 665 2737 et
682 2674 802 2738 lubrica
822 2672 988 2755 pectoralis
1011 2670 1115 2752 impet

83 2784 180 2833 stura.
231 2771 314 2833 Nihil
340 2782 450 2834 contra
472 2775 660 2850 electiones,
697 2777 771 2841 nihil
799 2788 1008 2856 patronorum
1043 2772 1113 2850 jus,

83 2868 158 2933 nihil
180 2872 316 2955 antiquae
336 2874 598 2950 consuetudines,
620 2873 784 2938 nationum
807 2875 904 2949 ritus,
933 2886 987 2938 aut
1004 2874 1115 2937 tinius-

83 2973 242 3054 cujusque
265 2973 446 3055 privilegia,
466 2976 516 3037 vel
538 2975 716 3057 principum
732 2975 914 3038 autoritates
931 2973 1113 3053 proficiunt,

81 3072 309 3135 immedicabile
329 3086 375 3135 cst
388 3074 448 3135 hoc
467 3075 550 3138 enim
564 3097 740 3151 venenum,
761 3075 849 3157 quod
866 3074 905 3135 ab
921 3073 975 3135 illo
991 3075 1115 3136 exhalat

82 3187 231 3256 pectore,
258 3195 365 3256 neque
390 3174 511 3254 uspiam
530 3176 734 3243 estsecurius
752 3176 871 3243 ‚sceleri
891 3173 1113 3258 patrocinium,

82 3289 379 3357 presentantur,
420 3277 536 3359 quibus
566 3277 667 3340 omnis
688 3277 745 3338 alia
768 3275 872 3350 fraus,
913 3286 1113 3359 quaecunque

82 3377 311 3455 sycophantiae,
338 3398 446 3441 omnes
467 3378 645 3457 captiones,
672 3398 709 3438 ac
727 3378 929 3456 impostore,
957 3387 989 3437 et
1004 3374 1113 3452 cujus.

83 3495 211 3555 cunque
229 3477 354 3557 generis
378 3477 459 3555 doti,
489 3499 526 3540 uc
554 3477 796 3551 machinationes
815 3475 982 3540 infeliciter
1008 3495 1112 3544 cesse·

83 3588 170 3634 runt.

496 3732 701 3793 Ernhold.

156 3824 209 3887 Dii
238 3823 444 3891 immortales!
464 3810 572 3910 quale*
590 3833 783 3915 praestigium
807 3849 933 3904 narras,
965 3843 1111 3921 quantam

72 3927 126 3989 ‘loir
147 3936 242 3990 nanda
261 3924 370 3995 insila.
1168 3922 1169 3926 Ἰ

551 4084 643 4135 utta
674 4119 682 4136 .

154 4172 237 4237 Mihi
250 4175 378 4258 quidem
397 4175 487 4261 loqui
507 4075 605 4257 gave
623 4096 686 4248 esi,
707 4136 1005 4259 nequn'arbitretur
1023 4173 1110 4237 lerre

80 4290 145 4331 non
164 4275 322 4340 acerbum.
374 4322 377 4327 .
