2632 5086
465 88 470 105 Ι

462 112 468 149 ι’

450 176 457 193 δ

168 773 251 869 tot.
413 768 542 847 Febris
565 768 736 851 Secunde
755 766 949 871 :Dialogus

586 963 775 1026 Hutten.

233 1065 342 1148 Atque
356 1063 417 1128 hoe
431 1072 495 1140 est,
514 1083 571 1128 cur
585 1062 853 1149 quemadmodum
862 1079 961 1125 nuces
974 1070 1077 1124 ament
1087 1065 1192 1147 prieri,

164 1183 278 1252 qurum
296 1186 363 1228 non
387 1177 509 1252 ament,
539 1166 584 1227 ita
604 1175 760 1227 amatores
780 1160 825 1224 itti
843 1183 959 1225 vanum
981 1164 1090 1224 nescio
1111 1163 1193 1245 qnid

165 1266 241 1330 dum
268 1277 448 1341 sectantur,
486 1266 551 1327 hsce
584 1264 750 1348 negiigunt
782 1263 925 1339 interim,
958 1263 1191 1339 valetudinem,

165 1369 313 1441 sulutem,
332 1367 469 1441 amicos,
486 1386 577 1440 rem,
589 1365 737 1457 domum,
754 1366 908 1440 honores,
925 1363 1056 1440 samum,
1072 1374 1105 1427 et
1120 1386 1193 1447 quse

165 1477 316 1550 preterea
333 1467 362 1530 si
379 1486 446 1529 non
464 1477 585 1542 essent,
612 1465 731 1529 sudore
749 1466 885 1546 paranda
904 1475 1004 1528 erant.

600 1564 762 1629 Febris.

238 1668 311 1732 Acu
333 1666 436 1751 tangis
456 1687 540 1742 rem,
561 1667 636 1728 tenti
654 1665 776 1729 fuciunt
791 1663 874 1727 enim
894 1688 966 1728 suas
985 1678 1114 1740 noctes,
1135 1688 1196 1728 sun

165 1768 331 1844 convivia,
363 1787 439 1829 suos
466 1768 577 1843 lusus,
608 1776 644 1850 ut
678 1785 784 1848 nequo
802 1768 969 1836 honestum
997 1767 1075 1848 qnid
1101 1766 1196 1828 sitin

164 1881 303 1931 mentem
320 1867 444 1944 veniat,
464 1886 571 1950 neque
590 1866 706 1928 utiliter
726 1887 860 1948 usquam
883 1866 944 1929 sibi
963 1870 1137 1930 consulant.

598 1966 764 2028 Hutten.

81 2146 83 2150 ι
239 2068 354 2133 Athoc
366 2077 413 2147 est
424 2064 470 2129 eis
484 2078 594 2129 contra
607 2067 825 2140 commodum,
844 2066 932 2149 quod
946 2069 1020 2148 quis
1032 2081 1193 2151 perpetuo

164 2178 282 2242 amant,
292 2165 426 2246 juvenes
436 2176 593 2249 perpetuo
604 2183 687 2240 sunt,
700 2177 732 2226 et
743 2165 895 2228 letissime
907 2180 1027 2230 estatem
1038 2169 1171 2253 degunt.

596 2264 764 2339 Febris

238 2369 312 2432 Hoc
331 2367 437 2431 dicere
462 2364 534 2440 vis,
564 2379 720 2445 perpetuo
744 2365 829 2427 stulti
856 2378 946 2443 suut,
974 2378 1137 2451 totamque
1157 2371 1193 2431 in

164 2490 275 2557 errore
295 2468 391 2531 vitum
411 2477 524 2550 egunt,
553 2485 710 2548 nusquam
733 2468 960 2544 consistentes,
990 2490 1125 2545 rerum,
1154 2483 1192 2532 ut

164 2573 291 2635 Senecae
314 2573 431 2650 placet,
458 2586 582 2647 semper
601 2565 711 2628 vivere
738 2567 939 2648 incipientes,
966 2581 1002 2631 ut
1019 2570 1194 2649 plurimum

163 2669 249 2733 enim
268 2668 302 2733 in
320 2668 389 2732 otio
409 2666 562 2748 torpescit
581 2686 682 2749 genus
702 2665 775 2728 boc.

577 2768 610 2828 H
620 2776 759 2829 utten.

237 2866 410 2933 Arbitraris
427 2879 463 2929 tu
480 2867 587 2948 itaque
605 2877 700 2929 tutam
720 2867 914 2931 constituere
932 2865 1108 2949 neminem,
1127 2872 1195 2937 nisi

162 2986 299 3031 uxorem
320 2967 376 3051 qui
396 2968 517 3032 ducat?

597 3064 753 3131 Febris.

237 3166 337 3233 Certe
352 3166 384 3231 hi
404 3167 609 3231 constituunt.

224 3328 227 3334 .
588 3250 755 3330 Hutten.

210 3364 296 3430 'Me
314 3365 411 3450 igitur
431 3366 479 3429 vis
499 3367 617 3431 ducere
637 3368 793 3432 uxorem?

128 3501 129 3505 ¹
598 3467 758 3531 Febris.

238 3566 334 3629 Nolo.
581 3595 585 3603 ·

576 3663 763 3745 Hutten,

238 3768 328 3851 Ergo
347 3767 444 3831 vitam
460 3783 528 3830 non
547 3756 808 3833 vis'eonstituere
821 3764 902 3835 me?

595 3867 622 3929 F
630 3869 752 3935 ebrie.

252 3965 360 4044 Volo,
380 3964 438 4031 sed
455 3966 552 4028 aliter.

580 4054 763 4133 Hutten.

240 4164 460 4230 Concubinum
478 4165 566 4229 domi
584 4180 619 4230 ut
636 4169 793 4235 habeam?

593 4266 754 4335 Febris.

149 4376 166 4401 '⁴
238 4362 390 4443 Minime,
410 4366 468 4429 sed
486 4366 597 4434 celebs
615 4382 651 4434 ut
671 4371 770 4443 sivae.
