2632 5086
135 693 208 767 684
388 689 445 764 Ad
475 686 649 763 Cerolnm
679 684 773 785 Reg.
797 684 903 783 epiat.

135 882 194 968 qni
211 892 324 964 perum
342 880 486 944 tantm.
519 876 826 961 Arq'uadecama?
848 874 1173 959 ommrntim

137 983 263 1046 adseren
285 981 468 1055 veritatem,
487 978 622 1041 novitias
635 979 821 1059 pontificum
839 978 1011 1040 detestatus
1027 978 1171 1042 fabrrlar.

138 1083 221 1163 Quia
240 1084 281 1145 ad
298 1081 461 1163 pristinam
480 1091 512 1141 et
532 1079 605 1141 huic
622 1079 741 1141 nationi
766 1089 889 1163 tuoque
905 1077 1056 1158 'imperio
1076 1079 1171 1141 delri-

134 1196 201 1246 tam
229 1183 357 1262 respexi
393 1180 590 1254 libertatem,
626 1191 794 1242 externum
828 1179 1005 1241 detrectaro
1037 1178 1170 1261 jugum.

138 1286 218 1346 llam
238 1284 331 1366 quale
348 1284 410 1343 hoc
428 1292 592 1361 peccatum
611 1290 675 1354 eet,
701 1280 791 1362 quod
808 1277 881 1342 nine
895 1277 1015 1361 aliquid
1035 1277 1171 1344 illorum

138 1383 273 1446 decenn
291 1380 402 1444 luero?
440 1380 473 1442 Si
491 1380 593 1443 nescir
613 1380 714 1454 enim,
739 1378 853 1442 hocin
872 1377 977 1460 primis
997 1383 1168 1443 stomacho

139 1483 201 1545 tuit
220 1481 315 1563 ipris,
349 1481 437 1563 quod
453 1501 563 1560 pasena
583 1501 649 1541 non
667 1499 755 1554 rum,
788 1490 907 1540 tentum
924 1479 1085 1555 majestati
1106 1491 1169 1542 tnm

140 1583 315 1655 decedere,
342 1592 493 1664 quantum
519 1581 644 1642 illorum
671 1580 711 1640 ad
735 1600 770 1639 se
797 1578 890 1641 trahit
923 1579 1104 1659 cupitlitae;
1136 1599 1170 1644 et

140 1684 215 1766 quia
233 1682 396 1763 indignum
413 1681 491 1743 duxi
510 1695 618 1743 nostre
636 1680 770 1754 virtute,
791 1678 884 1740 nobie
906 1678 1054 1760 quotidie
1075 1681 1171 1762 (lepi-

138 1781 305 1846 lationibue
324 1793 433 1863 petere
457 1784 535 1845 hanc
555 1783 704 1863 patriam,
735 1800 892 1862 novaeque
916 1798 1042 1861 semper
1063 1801 1170 1862 expo·

139 1882 228 1947 sitam
256 1898 326 1942 esse
357 1881 485 1963 praede:
512 1881 607 1964 eique
626 1882 675 1944 sui
695 1879 775 1960 juris
795 1891 986 1942 monstrator
1006 1880 1078 1956 tui,
1100 1905 1168 1945 eme

139 1982 298 2067 dignitatis
328 1985 475 2045 monitor.
514 1982 612 2062 Quod
638 1982 740 2065 ipsum
766 1981 793 2041 si
821 1982 923 2044 scelus
950 1990 1016 2055 est,
1045 1991 1168 2059 tamen,

138 2084 214 2167 quia
233 2094 307 2145 tuue
320 2101 413 2156 omn,
445 2080 484 2141 etl
504 2080 639 2144 alienum
664 2081 774 2143 vocari
801 2081 1006 2161 supplicium,
1036 2083 1168 2164 quiete

138 2181 313 2265 principem
328 2197 485 2261 agrroreo,
505 2182 545 2242 ad
564 2195 727 2245 externam
733 2183 806 2262 rapi
819 2203 944 2263 poenem
958 2202 1024 2243 non
1041 2183 1167 2247 debeo.

139 2280 209 2347 Nisi
222 2301 365 2343 carceres
381 2278 432 2341 hic
448 2290 482 2341 tu
495 2281 688 2356 nonnanes,
709 2293 739 2344 ot
752 2283 876 2364 gladios
892 2302 956 2344 non
970 2281 1081 2355 nabo,
1103 2295 1164 2345 aut

139 2386 288 2468 laqueos;
315 2380 557 2463 quibuscomes
583 2380 706 2462 punias.
746 2381 809 2445 Sed
836 2382 1004 2445 habere-te
1021 2401 1089 2442 non
1110 2382 1162 2464 ig·

139 2494 270 2558 norant,
285 2482 345 2545 eibi
358 2484 454 2545 licere
467 2482 571 2545 omnia
586 2483 708 2543 volunt.
740 2484 836 2560 Quod
850 2484 961 2546 videre
973 2493 1005 2545 te
1018 2493 1166 2560 oportet,

141 2584 319 2645 cavendum
338 2581 418 2662 quid
436 2581 492 2643 rit:
512 2601 594 2643 neve
608 2584 678 2662 plus
697 2582 794 2643 nimio
808 2583 841 2643 in
853 2581 905 2663 jus
919 2582 1053 2645 concedi
1072 2593 1168 2648 tunm

139 2680 199 2743 tihi
223 2679 373 2760 patieris:
402 2700 469 2742 non
494 2682 588 2757 dico,
619 2680 648 2745 ai
673 2682 734 2744 hoc
759 2682 886 2746 dederis
911 2688 997 2762 (nam
1017 2683 1169 2747 daturum

140 2780 245 2842 nullus
264 2788 312 2839 eet
338 2790 463 2855 metue,
494 2801 536 2844 ne
561 2781 699 2860 suspicio
720 2782 864 2863 quidem)
882 2784 940 2845 sed
964 2786 1121 2863 patienter
1139 2781 1169 2845 ei

142 2864 228 2960 oreri
246 2877 340 2941 etiam
359 2879 414 2942 abr
433 2891 465 2944 te
477 2880 658 2962 hujusmodi
677 2882 796 2944 tuleris.
835 2884 945 2965 Atque
958 2884 1020 2945 hoc
1032 2879 1170 2947 sollicite

142 2980 356 3044 edomandum
373 2980 431 3044 tibi
449 2967 614 3056 existimo,
644 2981 718 3064 quia
738 2981 839 3044 omnis
858 2983 891 3043 in
912 2993 943 3043 te
969 3002 1035 3044 uno
1062 2982 1172 3063 posita

144 3076 311 3144 Germania
330 3092 393 3157 est,
411 3102 470 3158 ne,
490 3102 572 3164 quor
592 3101 705 3144 ornare
723 3082 816 3144 etiam
829 3081 983 3157 debebas,
1003 3102 1070 3161 non
1084 3075 1173 3146 tueri

144 3202 200 3244 eos
219 3180 367 3254 videaris,
387 3204 486 3255 neve,
501 3203 583 3263 quor
599 3182 691 3265 officii
708 3194 775 3245 erat
791 3183 839 3246 tui
851 3184 999 3258 evehere,
1020 3183 1173 3263 deprimi,

144 3299 201 3341 eoa
220 3280 314 3342 eines.
352 3280 415 3343 Ubi
428 3280 597 3360 aitempus
613 3285 816 3363 spectandum
829 3304 896 3345 non
906 3295 1004 3357 esset,
1027 3283 1174 3367 exempli

144 3379 299 3443 rationem
317 3378 432 3442 habere
451 3391 482 3441 te
502 3382 721 3446 conveniebat.
760 3385 835 3463 Quo
856 3386 981 3448 tandem
995 3384 1174 3448 devenient

145 3478 230 3541 enim
257 3498 307 3541 ret
335 3479 511 3556 Germane,
545 3504 615 3564 quae
639 3487 762 3570 reliqua
785 3487 878 3551 nobie
904 3485 1057 3548 libertatis
1075 3505 1173 3564 sper,

146 3578 212 3644 aliie
233 3591 345 3641 nostra·
368 3579 492 3644 virtutis
514 3582 624 3662 opinio
650 3587 726 3661 erit,
756 3586 784 3650 ei
807 3581 914 3671 neque
934 3597 991 3652 tuo
1011 3584 1175 3649 inservire

145 3679 261 3743 honori
290 3680 381 3755 licet,
416 3700 523 3764 neque
556 3688 796 3753 eoeommodare
825 3688 930 3771 patrie
961 3694 1064 3748 tut'nm
1097 3686 1175 3748 eat?

145 3779 295 3863 Denique
313 3779 370 3841 ubi
389 3781 522 3863 religio,
543 3783 596 3846 ubi
618 3786 734 3865 pietas,
756 3788 784 3850 ri
804 3809 873 3870 que
889 3786 1033 3851 Christus
1045 3784 1176 3863 docuit,

144 3981 293 4044 humanas
318 3980 467 4059 preferre
495 3985 727 4053 traditiuncules
755 3988 935 4073 cogemur?
970 3986 1098 4050 Utinam
1124 3985 1176 4049 vi·

145 4080 241 4156 deae,
261 4076 318 4160 qui
334 4080 394 4142 sint
411 4081 462 4145 hie
480 4086 596 4166 passim
614 4098 723 4150 eontra
739 4091 818 4152 hane
836 4088 899 4152 vim
919 4086 1076 4170 gemitus;
1099 4108 1175 4172 que

146 4192 256 4245 eontra
279 4181 476 4264 iniquitatem
494 4188 574 4250 hene
598 4188 754 4268 suspiria:
780 4208 850 4272 qne
869 4200 905 4250 ut
923 4190 987 4251 heo
1006 4186 1174 4264 vindices,

144 4278 193 4343 tui
210 4287 416 4369 exspectatio.
456 4287 600 4351 Tandem
624 4289 751 4354 videtur
775 4288 935 4370 enimjus
955 4299 986 4351 et
1004 4287 1052 4351 las
1072 4307 1174 4352 omne
