2632 5086
214 805 284 874 588
469 799 526 873 Ad
549 778 835 892 Carolum'Reg.
861 800 966 893 epist.

214 990 317 1053 adbuc
337 991 442 1071 plura,
469 988 559 1069 prius
578 987 646 1050 ausi
666 1000 753 1050 sunt:
774 1007 891 1061 tinum,
922 997 960 1048 ut
975 987 1085 1051 videre
1103 987 1244 1064 videor,

215 1101 395 1170 supererat,
425 1087 557 1150 vinculis
585 1087 650 1148 suis
677 1085 836 1146 obnoxios
857 1086 1051 1150 Germanos:
1077 1100 1129 1163 ut,
1159 1109 1245 1170 quos

214 1191 312 1252 velint
332 1188 537 1262 constrictos,
560 1187 633 1249 hinc
652 1185 816 1266 abripiant.
855 1189 941 1249 Ecce
961 1199 1104 1251 oratores
1118 1189 1245 1252 Decimi

214 1288 353 1351 Leonis!
380 1287 436 1370 qui
465 1289 545 1362 boc,
572 1297 604 1345 te
626 1285 787 1366 principe,
808 1287 1028 1368 experiantur!
1058 1310 1120 1372 qua
1141 1291 1246 1351 conli-

216 1386 319 1449 dentia
346 1386 414 1461 dic,
451 1386 534 1448 oro?
565 1387 681 1448 Nonne
705 1387 834 1461 eadem,
867 1409 931 1471 qua
949 1398 991 1449 'te
1019 1388 1247 1466 imperatorem

216 1478 280 1567 legi
301 1495 472 1546 vetuerunt
502 1474 585 1547 anuo
617 1485 794 1567 praeterito,
827 1508 893 1549 lton
913 1486 1065 1550 idoneum
1083 1489 1246 1563 serentes,
1289 1481 1293 1489 ⁸

219 1607 318 1669 quum
339 1584 411 1647 alias
432 1584 474 1645 ob
495 1605 622 1659 causas,
657 1595 724 1646 tum
745 1586 919 1665 praecipue,
950 1587 1040 1672 quod
1067 1590 1117 1650 vel
1144 1610 1247 1651 unum

216 1685 291 1748 satis
319 1686 358 1746 ad
390 1696 421 1746 te
447 1684 684 1764 impediendum
710 1683 849 1746 arbitrati
875 1697 965 1761 suut,
1007 1690 1082 1772 quia
1109 1709 1247 1771 reguum

216 1784 458 1864 Neapolitanum
476 1784 608 1847 haberes
627 1794 678 1845 tu:
700 1805 798 1865 quum
816 1786 878 1845 hoc
889 1785 1018 1864 pulchra
1031 1811 1088 1851 sua
1101 1790 1248 1872 quedam

218 1878 405 1946 constitutio
428 1899 553 1958 caveat,
587 1903 628 1944 ne
650 1882 720 1965 quis
748 1885 973 1965 Neapolitanus
1005 1909 1063 1950 rex
1094 1891 1127 1951 iu
1147 1888 1247 1967 impc-

89 2051 94 2061 ,
187 2060 191 2067 .
222 1994 359 2047 satorem
380 1985 558 2046 Romanum
589 1981 753 2062 deligatur.
791 1985 868 2045 Ilmc
895 2006 995 2067 quum
1015 1989 1084 2050 ficri
1116 1989 1156 2049 ab
1185 1990 1246 2052 illis

220 2104 336 2164 magno
357 2095 467 2146 nostro
495 2103 567 2145 cum
586 2081 794 2157 detrimento,
825 2104 891 2145 uon
909 2085 978 2147 sine
997 2089 1131 2163 maxima
1151 2089 1247 2151 ctiam

218 2183 354 2246 stultitia
375 2194 491 2244 nostrae
512 2181 596 2262 apud
615 2192 743 2243 exteros
765 2183 916 2262 opinione
935 2187 1093 2263 viderem,
1114 2210 1174 2250 nec
1193 2210 1246 2250 rue

221 2295 356 2362 propter
381 2278 581 2342 acerbitatem
600 2281 721 2342 doloris
747 2282 816 2360 ejus
835 2286 996 2351 continere
1015 2306 1157 2368 possem,
1185 2309 1245 2348 ex-

217 2381 367 2457 clamavi,
399 2379 589 2442 vociferatus
619 2400 698 2442 sum.
738 2381 876 2462 Scripsi,
908 2385 1073 2467 publicavi.
1113 2385 1241 2464 Optima

221 2482 430 2555 conscientia,
464 2480 582 2560 optima
609 2481 690 2556 lide,
723 2482 865 2544 homiues
885 2485 924 2547 ad
941 2485 1092 2547 malorum
1111 2504 1251 2551 sensum

218 2583 352 2649 excitari
378 2591 510 2644 conatus
544 2601 628 2655 sum,
660 2581 774 2642 multos
795 2583 918 2646 nobiles
939 2594 972 2644 ct
990 2594 1134 2664 potentes
1155 2605 1246 2647 com-

222 2683 320 2747 movi.
359 2683 466 2763 Atque
492 2679 565 2741 hiuc
590 2684 724 2742 manavit
750 2682 813 2743 hacc
833 2683 905 2744 mihi
926 2684 1063 2757 offensa,
1085 2702 1180 2765 quam
1200 2684 1248 2745 sic

216 2781 263 2844 illl
281 2789 486 2860 acceperuut,
517 2789 553 2841 ut
580 2780 755 2861 depositrui
779 2778 833 2842 uisi
863 2783 971 2857 fracti,
1005 2784 1096 2866 quod
1114 2795 1146 2844 te
1173 2783 1246 2845 vin·

127 2920 131 2928 -
220 2880 290 2944 dlce
312 2881 381 2943 lieri
403 2896 435 2941 et
462 2891 566 2962 potest
585 2897 617 2942 et
637 2879 749 2953 debet,
780 2901 845 2942 nou
864 2881 1044 2949 videantur.
1094 2885 1167 2965 Age
1187 2883 1247 2966 igi·

202 2974 287 3057 tur,
311 2981 513 3045 invictissime
533 2981 665 3045 Carolc!
697 2981 915 3062 nos'respicc,
943 2994 1030 3046 tuam
1048 2982 1246 3063 dignitatem,

219 3093 369 3166 tuamque
391 3100 480 3146 tuere
500 3081 773 3146 existimationem.
813 3082 979 3146 llluniatur
995 3085 1061 3147 haec
1080 3083 1136 3146 abs
1155 3095 1187 3145 te
1207 3085 1246 3147 ad

219 3185 371 3247 tuendam
406 3184 582 3247 libertatem
618 3182 680 3244 via.
735 3180 798 3250 Hic
830 3178 1023 3263 remergeuti
1056 3182 1247 3261 ,Christiane

219 3285 362 3359 veritati,
390 3305 449 3364 per
476 3296 507 3347 te
534 3284 661 3365 patebat
680 3281 793 3345 aditus.
847 3282 927 3363 Quis
952 3283 1097 3358 audebit,
1133 3304 1247 3348 verum

219 3382 327 3447 (licere
345 3383 445 3456 enim,
476 3393 531 3443 aut
560 3381 660 3443 libere
689 3381 746 3443 tibi
774 3386 941 3446 consulere
961 3384 1032 3468 ipuis
1052 3383 1199 3461 audebit,
1221 3384 1247 3448 si

221 3502 263 3553 oo
286 3484 413 3545 nomine
432 3481 479 3545 sic
498 3480 662 3562 opprimor
685 3482 773 3564 ego?
807 3484 914 3547 Habes
940 3504 1038 3566 opes,
1070 3496 1107 3546 ut
1125 3485 1246 3565 possis:

233 3582 358 3663 copias,
385 3592 419 3643 ut
437 3582 558 3645 valeas:
590 3600 731 3656 causam,
759 3595 795 3645 ut
812 3583 919 3646 liccat:
948 3584 1180 3660 necessitatem,
1215 3596 1252 3649 ut

228 3683 357 3746 debeas.
395 3681 529 3762 Insuper
547 3702 654 3744 veram
674 3683 730 3743 tibi
750 3697 782 3745 et
801 3680 923 3747 solitam
941 3682 1139 3765 propositam
1158 3683 1250 3747 vides

224 3782 373 3866 gloriam,
394 3782 420 3843 si
439 3782 569 3845 efficias:
587 3780 803 3847 imbecillitatis
824 3784 1028 3865 opinionem,
1059 3783 1087 3847 si
1106 3804 1173 3845 non
1194 3784 1251 3847 a'u·

220 3882 305 3946 deas.
348 3883 462 3981 Neque
482 3870 578 3946 debes
598 3893 652 3956 tu,
680 3869 850 3963 proposita‘
860 3884 984 3969 ingenti
1003 3881 1124 3966 gloria,
1146 3883 1251 3946 tantil-

222 3984 283 4045 lam
302 3982 415 4064 lugere
434 3983 603 4046 iuvidiam:
626 3994 680 4044 aut
699 3984 768 4046 vilis
790 3987 916 4048 offense
935 3995 1038 4058 metu,
1059 3993 1175 4046 etanta
1196 3982 1251 4046 ab·

222 4083 355 4148 aterreri
374 4085 477 4147 laude.
527 4084 663 4166 Scripsi,
683 4098 773 4147 tuum
792 4087 850 4149 hos
870 4085 1072 4148 commodum
1091 4083 1252 4147 interver-

223 4198 307 4249 tere:
328 4195 396 4249 tuas
411 4185 579 4249 exhaurire
591 4186 769 4249 facultates:
790 4187 875 4249 triam
886 4187 1029 4249 minuere
1042 4194 1250 4266 potestatem:

221 4297 291 4350 tuas
318 4285 402 4350 vires
430 4297 603 4349 attenuare.
654 4289 768 4369 Neque
796 4307 861 4348 uon
882 4297 930 4349 est
948 4287 1010 4348 hoc
1029 4307 1152 4347 verum.
1194 4284 1253 4347 Ni·

222 4378 388 4453 hilominu's
417 4388 482 4450 baec
506 4386 539 4451 iu
564 4407 615 4450 me
641 4387 797 4473 procella,
823 4388 885 4452 boc
918 4385 1038 4450 fulmen
1064 4384 1251 4464 conjicitur.
