2632 5086
575 722 750 821 Epistola.
1069 688 1075 700 Ι
1127 733 1171 806 87

149 921 312 1001 iutelligu,
332 918 418 1002 quid
436 936 629 997 proponam,
655 917 757 979 adhuc
772 917 908 1002 aliquam
926 919 1000 983 milri
1020 921 1170 1003 quietem,

150 1022 273 1104 aliquod
288 1020 340 1082 his
364 1018 479 1080 studiis
498 1019 597 1080 otium
618 1019 790 1100 prospicio.
840 1019 979 1081 Tantum
1000 1022 1105 1097 abest,
1135 1033 1171 1085 ut

150 1122 230 1184 inter
244 1119 367 1182 aulicos
386 1121 608 1199 sycophantas,
630 1120 717 1202 quod
735 1130 769 1180 tu
787 1140 880 1182 caves
897 1119 929 1180 in
949 1120 1080 1200 epistola
1098 1134 1169 1199 tua,

149 1241 377 1284 aommeseere
394 1219 551 1299 cogitem,
568 1241 673 1302 neque
688 1219 720 1282 id
736 1221 850 1294 modo,
877 1221 934 1282 sed
951 1231 982 1282 et
998 1221 1171 1287 diutissime

148 1323 257 1385 amai
284 1333 325 1384 nt
349 1322 558 1384 decreverim.
607 1318 671 1384 Ubi
690 1320 809 1395 lateor,
841 1321 960 1404 aliquid
987 1322 1172 1387 infortuna

144 1426 229 1488 ritum
253 1433 329 1495 est,
357 1433 395 1483 nt
418 1421 539 1505 ubique
561 1433 594 1483 ct
617 1442 675 1502 per
699 1422 819 1496 omnia,
858 1444 927 1505 quac
950 1423 977 1484 si
998 1426 1077 1485 mala
1096 1423 1171 1487 mihi

143 1527 223 1586 volet
248 1523 371 1597 etiam,
400 1522 650 1584 consolationem
673 1523 735 1583 hoc
751 1524 780 1596 ζ”)
806 1522 947 1598 adseret,
979 1524 1067 1607 qnod
1092 1525 1172 1586 hano

140 1624 257 1702 jaciens
280 1626 401 1696 aleam,
421 1623 497 1685 nihil
516 1622 724 1704 periculosius
743 1621 824 1695 leci,
846 1643 941 1704 qnam
960 1622 987 1684 si
1005 1625 1172 1705 quodcun-

139 1746 200 1809 que
220 1725 315 1787 alind
333 1723 406 1784 vitm
421 1745 522 1803 gentis
540 1722 754 1785 instituissem.
800 1722 877 1784 Ideo
897 1722 1028 1800 perinde
1049 1744 1173 1787 mecum

138 1827 265 1907 aginat,
293 1844 333 1885 ac
352 1845 425 1885 cnm
440 1822 499 1885 illis
515 1823 548 1885 in
564 1823 743 1885 taxillorum
758 1824 834 1884 lntlo
857 1822 960 1884 securi
977 1822 1017 1883 de
1034 1824 1124 1885 lucro
1141 1834 1174 1885 et

140 1927 257 1989 damam
284 1923 452 2006 quisunt,
485 1925 573 2005 quod
595 1936 648 1985 aut
665 1923 740 1986 nihil
760 1935 822 1998 est,
857 1933 909 1985 ant
924 1945 1053 2000 parum,
1084 1924 1174 2006 quod

139 2028 281 2108 perdere
310 2035 456 2103 possunt.
513 2025 671 2104 Tempus,
704 2023 827 2107 inquis,
865 2024 1052 2104 perdideris.
1098 2025 1174 2089 Non

139 2128 261 2209 magis,
283 2145 381 2212 quam
400 2123 426 2185 si
447 2124 684 2205 peregrinarer3
703 2136 756 2186 ant
772 2125 931 2206 aliquanto
947 2125 1049 2186 minns
1063 2125 1174 2187 etiam:

139 2249 212 2288 nam
232 2225 279 2286 ibi
297 2224 393 2285 arixie
413 2224 533 2299 omnia,
559 2225 628 2286 sine
647 2246 722 2287 cura
744 2224 819 2286 nillil
837 2226 986 2298 cedebat,
1016 2224 1112 2286 modo
1133 2225 1174 2288 de

141 2328 261 2388 viatico
281 2324 416 2386 sollicite
428 2324 596 2406 cogitanti,
615 2325 713 2386 morlo
734 2324 766 2385 in
782 2323 929 2404 periculis
945 2325 1051 2405 agenti
1067 2325 1173 2403 vitant,

146 2448 242 2511 qnam
267 2437 356 2486 terra
389 2435 422 2484 et
452 2424 542 2506 aquis
573 2424 605 2484 in
634 2424 814 2488 discrimine
847 2423 1035 2506 frequenter
1062 2424 1177 2500 habui,

148 2545 378 2607 nonnunquam
406 2545 447 2585 eo
472 2545 523 2586 res
547 2524 622 2586 mihi
649 2524 789 2600 redibat,
827 2536 877 2599 nt,
911 2526 1000 2608 qnod
1027 2526 1175 2600 alerem,

142 2649 212 2691 non
236 2626 406 2698 haberem,
431 2626 530 2686 multo
554 2623 657 2686 minus
679 2646 745 2707 quo
769 2625 914 2687 vestires.
958 2625 1074 2688 Mirum
1091 2624 1175 2689 enim

144 2727 330 2809 tragoediam
359 2725 485 2787 audias:
523 2746 704 2807 quanquam
728 2725 842 2787 audisti
867 2725 1038 2807 aliquando
1062 2725 1174 2788 fabulas

149 2839 286 2910 partem:
316 2826 375 2887 sed
399 2845 452 2900 ea,
485 2847 554 2908 quas
575 2837 643 2886 tum
667 2824 758 2899 alibi,
788 2836 853 2887 tum
880 2828 931 2888 vel
956 2826 1113 2906 praecipue
1140 2826 1176 2889 in

146 2927 236 2990 ltalia
251 2928 300 3001 g‘'2)
325 2925 381 2987 ubi
403 2925 535 3006 penuria
552 2925 658 3005 viatici
676 2924 809 2988 militare
829 2927 922 2987 etiam
940 2937 1067 2987 coactns
1085 2947 1174 3000 snm,

145 3030 228 3091 dura
251 3026 382 3106 pertuli;
409 3026 522 3089 ordine
538 3025 564 3087 si
587 3010 866 3100 tibi‘ieceuseam,
897 3025 1007 3087 miram
1028 3036 1059 3086 et
1080 3047 1176 3106 snpra

144 3131 243 3193 fidem
269 3128 438 3210 lugubrem
468 3125 649 3207 tragoediam
673 3124 792 3188 audias.
839 3125 937 3206 Quod
962 3124 989 3188 si
1013 3124 1109 3199 scias,
1143 3136 1175 3187 et

143 3251 231 3305 rem,
262 3239 299 3289 ut
320 3239 384 3301 est,
415 3226 585 3300 intucaris,
613 3237 776 3306 tantopere
794 3226 1032 3288 abhorrendum
1048 3224 1088 3286 ab
1106 3227 1176 3289 aula

145 3352 212 3393 non
235 3327 397 3410 putareris
414 3326 460 3401 ei,
482 3326 538 3409 qui
553 3338 599 3386 tot
615 3327 701 3388 rnalis
719 3325 900 3388 induratum
916 3338 1005 3407 gerat
1020 3327 1173 3389 animnmz

145 3451 206 3492 nec
226 3429 269 3490 ita
285 3426 411 3507 sapiens
431 3427 690 3507 assentantem,
710 3437 829 3486 utnon
849 3427 984 3508 aliquam
1006 3447 1024 3486 a
1045 3426 1176 3489 fortuna

146 3527 419 3609 exspectationem
439 3530 566 3588 traham.
583 3528 652 3599 ⁹³5³)
691 3527 761 3588 Jam
781 3526 821 3586 ab
838 3525 888 3587 illa
905 3525 988 3588 enim
1004 3546 1175 3605 suspensus

146 3641 277 3702 teneor,
314 3639 345 3688 et
368 3627 402 3689 in
420 3638 521 3691 rotans
545 3647 595 3688 me
617 3627 806 3687 vertendum
831 3624 974 3704 conjeci,
1009 3638 1174 3705 exspecta·

149 3731 290 3803 lnmtlus,
313 3749 380 3810 quo
402 3729 536 3790 evehat:
557 3736 643 3789 certe
661 3736 713 3787 ant
737 3727 851 3787 evehet
868 3746 920 3787 me
938 3725 1006 3799 illa,
1035 3737 1174 3787 autnon

149 3832 320 3912 ‹laprimet3
353 3848 420 3910 qno
442 3837 550 3909 posset
573 3823 681 3886 enim?
713 3824 883 3905 praesertim
900 3846 999 3906 quum
1018 3844 1071 3898 ea,
1104 3846 1173 3907 quse

152 3932 227 3994 iltius
252 3941 495 3999 scutriscum,
528 3925 614 3989 nihili
638 3924 765 3998 faciam,
803 3945 857 3999 ea,
889 3947 959 4007 quas
982 3944 1059 3986 vere
1086 3943 1174 4000 mea,

153 4032 285 4094 aufferre
302 4051 371 4092 non
390 4028 499 4112 possit.
549 4029 627 4109 Quas
643 4024 701 4088 tibi
724 4024 898 4089 consolatio
916 4024 990 4088 satis
1012 4024 1120 4089 efficax
1138 4022 1174 4086 in

154 4175 316 4194 Ἦ

184 4259 213 4328 ⁸)
229 4282 275 4315 vor
294 4270 402 4315 adseret:
427 4271 473 4316 tos
491 4267 621 4326 belaeitlgt.
669 4259 708 4315 “t
727 4269 787 4316 inach
805 4266 888 4314 ltalia:
914 4268 1008 4321 pertun
1024 4263 1173 4318 duraturus.

189 4346 239 4404 ”⁸9
258 4358 316 4400 statt
334 4356 455 4400 erutam:
473 4354 653 4400 aersclnrlttene
671 4356 859 4409 Verbessernnr.
