2632 5086
1275 358 1278 365 ι

194 787 266 861 sat
478 786 538 863 De
563 786 713 884 Guajaci
739 781 930 861 medicina.

591 1119 702 1191 Carus
737 1127 830 1201 XV.¹

192 1272 225 1348 A
248 1274 333 1347 vino
360 1288 398 1348 et
422 1277 567 1348 Venere
601 1276 700 1370 quod
725 1274 763 1347 in
788 1285 907 1348 totum
943 1276 1215 1366 abstinendum,

414 1412 545 1484 hocin
571 1412 761 1485 curatione
796 1436 898 1512 aegro
925 1413 981 1486 sit.

267 1584 309 1644 Et
329 1602 395 1644 non
414 1583 513 1645 ausim
530 1582 638 1646 dicere
653 1581 805 1646 divinitus
821 1583 902 1644 hane
918 1581 1011 1645 nobis
1028 1582 1215 1664 contingere

193 1681 397 1758 medicinam,
419 1705 488 1765 que
507 1703 573 1745 nou
592 1682 682 1745 aliter
697 1682 845 1744 morbum
862 1681 968 1744 adimit
982 1704 1076 1765 quam
1092 1694 1127 1745 ut
1144 1682 1214 1744 vitae

191 1781 266 1867 quis
284 1783 536 1858 sanctimoniam,
556 1783 757 1864 auspicetur?
795 1781 960 1865 Cumque,
981 1794 1017 1844 ut
1037 1782 1213 1846 Christiana

191 1880 300 1947 terum
328 1882 486 1958 instituta,
524 1903 583 1963 per
611 1883 689 1945 duas
719 1882 853 1945 maxime
884 1883 1015 1944 virtutes
1047 1882 1119 1946 Deo
1137 1892 1215 1944 con-

192 1981 353 2057 e'diemur,
382 1982 525 2061 eorporis
546 1983 664 2045 scilieet
682 1983 913 2057 castimoniam,
933 1994 965 2044 et
984 1982 1047 2043 eibi
1068 2003 1103 2044 ac
1122 1993 1216 2063 potus

192 2080 429 2155 abstinentiam,
469 2082 525 2164 qui
550 2102 585 2143 se
614 2102 679 2142 non
706 2084 878 2145 arctissimo
910 2083 958 2145 his
992 2082 1217 2144 constrinxerit

191 2179 343 2256 vinculis,
380 2180 577 2242 curationem
601 2183 681 2244 hane
701 2202 767 2244 non
786 2183 902 2246 frustra
921 2192 1039 2244 tantum
1059 2182 1217 2244 attiturum

191 2300 226 2343 se
245 2281 342 2358 seiat,
364 2281 421 2342 sed
440 2281 518 2342 citra
535 2282 709 2360 periculum
726 2280 818 2344 etiam
834 2283 918 2344 haud
935 2293 1215 2364 prosequuturum.

190 2382 299 2459 Adeo,
323 2394 358 2444 ut
376 2394 572 2462 compertum
587 2382 644 2457 sit,
665 2383 720 2465 qui
738 2394 810 2445 ante
828 2382 1105 2464 quadragesimum
1121 2380 1215 2455 tliem,

191 2485 232 2549 eb
249 2483 327 2548 inita
345 2506 401 2559 ea,
420 2484 627 2568 concumbat,
648 2484 730 2547 mori
751 2504 823 2546 eum
842 2482 1040 2556 necessario,
1060 2482 1128 2544 sive
1151 2502 1216 2543 non

189 2586 313 2649 [mente
333 2585 480 2666 iujuriam
498 2584 617 2658 coitus,
637 2583 797 2645 exinanito
810 2582 872 2664 jam
890 2603 1047 2663 corpore,
1067 2584 1136 2643 sive
1155 2584 1216 2644 hoc

189 2687 319 2748 volente
332 2686 422 2758 Deo,
443 2705 484 2746 ne
505 2683 576 2765 quis
596 2701 660 2745 nou
679 2696 786 2747 sancte
806 2696 911 2746 utatur
931 2695 1018 2744 tanto
1039 2704 1098 2745 suo
1119 2682 1216 2745 bene·

190 2780 275 2847 ticio.
314 2784 426 2866 ltaque
442 2785 582 2847 omnium
599 2783 655 2867 qui
671 2784 702 2847 in
718 2784 885 2847 Germania
899 2782 1075 2864 Guajaeum
1092 2783 1215 2866 experti

190 2895 280 2959 sunt,
311 2904 410 2945 uuum
428 2885 530 2947 adhuc
550 2886 716 2968 quemdam
734 2884 815 2946 mori
836 2883 985 2965 contigit,
1006 2881 1215 2963 jurejurando

191 2984 414 3057 affirmantibus
439 2985 495 3068 qui
523 2988 672 3059 aderant,
704 2987 784 3048 hauc
808 2984 851 3045 ob
875 2985 1009 3064 culpam.
1061 2983 1216 3046 Proxime

190 3082 258 3148 viui
273 3106 364 3148 usum
384 3085 581 3168 pestilentem
597 3085 642 3147 ibi
659 3105 728 3147 esse
742 3095 853 3145 notum
867 3083 1016 3156 habetur,
1036 3085 1217 3145 naturaliter

191 3184 310 3269 alioqui
337 3186 528 3269 fugiendum
561 3187 593 3247 in
623 3188 682 3250 hac
707 3181 915 3263 aegritudine,
956 3184 1044 3265 quod
1073 3183 1217 3263 corporis

190 3286 393 3368 compagines
413 3289 535 3358 solvat,
563 3307 681 3348 nervos
708 3284 849 3358 adiiciat,
876 3303 1013 3364 cumque
1032 3281 1103 3363 ejus
1123 3286 1217 3345 vetre-

191 3405 279 3447 mens
312 3385 353 3448 sit
387 3384 574 3465 penetrandi
609 3397 716 3460 artus,
758 3396 789 3445 et
818 3404 936 3464 eorpus
967 3383 1129 3466 quatieudi
1159 3383 1217 3457 vis,

190 3497 301 3566 putant
327 3485 398 3548 fieri
424 3505 493 3547 nou
520 3504 634 3567 posse,
677 3495 712 3547 ut
740 3484 817 3546 vino
844 3484 899 3566 qui
926 3495 1049 3559 utatur,
1088 3481 1159 3564 ejus
1185 3483 1218 3545 in

191 3606 329 3667 corpore
362 3583 481 3666 aliquid
509 3585 621 3647 efficiat
652 3582 785 3663 Guajaci
815 3584 993 3647 decoctum.
1043 3587 1156 3666 Neque
1184 3583 1219 3644 id

190 3696 334 3759 tautum,
373 3686 430 3747 sed
464 3706 537 3747 cum
571 3706 622 3747 res
656 3682 701 3745 ibi
737 3684 947 3747 convenerint
982 3684 1217 3757 diversissimae,

191 3783 358 3847 discrimen
385 3805 475 3859 esse,
510 3795 542 3845 et
569 3783 680 3845 mortis
708 3795 827 3846 metum
860 3783 893 3846 iu
921 3796 1068 3867 promptu
1099 3785 1218 3845 dicunt.

192 3887 299 3964 Quare
319 3884 412 3946 etiam
431 3895 504 3946 sunt
525 3883 581 3966 qui
601 3894 670 3943 toto
695 3905 821 3960 mense,
859 3899 932 3968 post
957 3897 1103 3948 exactum
1127 3905 1218 3945 cura-

190 3984 285 4046 tionis
304 3984 402 4065 ipsius
420 3995 564 4063 tempus,
583 4005 602 4045 a
617 3986 694 4046 vino
711 3986 932 4049 abstinendum
949 3996 1113 4059 moneant,
1135 4003 1217 4065 quo-

190 4083 273 4146 niam
293 4083 447 4146 medicina
466 4085 530 4144 hae
551 4083 585 4145 in
604 4086 738 4162 multos,
770 4098 844 4169 post
866 4085 996 4149 bibitam
1016 4086 1113 4164 ipsam
1134 4083 1212 4153 dies,

190 4183 322 4249 effectus
342 4183 391 4245 sui
411 4204 539 4246 cursum
559 4185 780 4269 prosequitur,
809 4184 862 4248 eui
880 4183 1001 4267 nequid
1020 4203 1053 4243 se
1073 4179 1212 4257 objiciat,

188 4303 252 4344 neu
272 4285 362 4367 quod
382 4282 640 4363 impedimentum
659 4296 820 4360 occurrat,
851 4281 918 4344 vini
943 4304 1036 4343 usum
1061 4280 1214 4341 adimunt.

189 4384 292 4447 Porro
322 4384 482 4446 Venerem
509 4384 567 4467 qui
591 4384 699 4463 fugit,
734 4385 760 4445 is
787 4381 925 4465 cogitet,
954 4383 1032 4463 gulae
1061 4403 1101 4443 uo
1135 4381 1214 4463 quid
