2632 5086
133 732 203 804 tao
393 726 499 802 Trias
521 724 689 803 Romana
711 723 899 824 Dialogus.

135 920 222 1001 puris
252 919 415 989 hominum
439 919 616 997 mentibus,
644 919 731 983 nuda
760 916 923 981 electionis
950 914 1162 991 conscientia,

136 1020 261 1083 sincero
285 1015 426 1084 omniurn
446 1016 769 1100 proferaturjudicio.
798 1018 1164 1100 Neruogradumsucer·

137 1119 217 1185 dotii
235 1118 329 1201 pretii
347 1120 515 1184 venalitate
535 1129 713 1194 mercetur,
735 1118 1020 1202 quantumquisque
1040 1138 1164 1179 merea-

137 1232 204 1297 tur,
235 1241 302 1285 non
333 1233 485 1305 quantum
509 1222 586 1284 dare
613 1218 760 1295 sufficiat,
790 1218 966 1281 estimetur.
1004 1217 1164 1280 Profecto

134 1326 220 1387 enim
233 1323 305 1405 quis
320 1323 409 1385 locus
425 1333 530 1397 tutus,
551 1331 583 1383 et
596 1343 665 1404 quae
681 1339 775 1382 causa
785 1339 855 1381 esse
871 1319 986 1399 poterit
1001 1328 1163 1390 excursata,

138 1422 165 1486 ai
184 1423 365 1486 ueneranda
389 1421 452 1486 Dei
480 1425 599 1511 templa·
615 1420 757 1503 pecuniis
777 1419 1024 1499 expugnentur?
1056 1420 1165 1499 Quem

138 1544 263 1587 murum
291 1521 492 1604 integritatis,
524 1532 576 1584 aut
602 1522 717 1585 vallum
746 1520 822 1584 fidei
850 1518 1109 1601 providebimus,
1136 1518 1165 1581 si

138 1623 208 1688 auri
229 1642 318 1686 sacra
345 1625 445 1687 lames
469 1621 641 1703 penetralia
666 1621 844 1687 veneranda
863 1619 1045 1702 proserpit?
1075 1618 1165 1700 Quid

139 1724 279 1809 denique
298 1740 423 1805 casuum
443 1743 512 1786 esse
539 1723 672 1804 poterit,
704 1734 759 1786 aut
777 1742 940 1795 securum,
970 1719 996 1783 si
1016 1721 1164 1782 sanctitas

140 1826 323 1905 incorrupta
343 1821 578 1903 corrumpitur?
603 1822 715 1887 Cesset
734 1823 881 1884 altaribus
902 1822 1063 1884 imminere
1086 1842 1164 1903 pro·

138 1926 229 1988 lanus
258 1925 353 1988 ardor
379 1922 533 1999 avaritiae,
562 1932 595 1985 et
614 1944 632 1984 a
650 1923 746 1986 saeris
758 1922 857 2001 adytis
869 1925 1036 2003 repellatur
1053 1922 1164 2002 piacu-

137 2028 200 2091 lare
220 2023 383 2105 flagitium.
422 2023 533 2106 ltaque
552 2033 671 2098 castus,
690 2033 722 2083 et
741 2022 863 2084 humilis
883 2024 998 2085 nostris
1010 2022 1165 2102 tempori·

137 2126 196 2187 hus
217 2125 350 2203 eligatur
371 2121 556 2205 episcopus,
577 2134 612 2185 ut
631 2125 773 2185 locorum
790 2143 985 2205 quocunque
1004 2144 1164 2204 pervene-

138 2224 194 2299 rit,
214 2221 319 2287 omnia
329 2222 399 2284 vitae
411 2221 588 2306 integritate
600 2223 762 2304 purificet,
783 2243 842 2283 nec
854 2223 975 2303 pretio,
996 2224 1052 2286 scd
1065 2244 1163 2304 proce

138 2325 303 2388 ordinetur
319 2320 457 2385 antistes.
496 2324 633 2385 Tantum
646 2322 685 2385 ab
703 2322 821 2385 ambitu
835 2323 929 2385 debet
948 2343 1019 2384 esse
1038 2324 1164 2402 seposi-

139 2437 205 2502 tus,
228 2438 264 2487 ut
282 2435 443 2508 quaeratur
472 2423 650 2506 cogendus,
682 2435 812 2505 rogatus
837 2424 979 2497 recedat,
1012 2422 1164 2487 inritatus

139 2525 284 2608 effugiat,
313 2526 381 2587 sola
398 2521 442 2585 illi
462 2525 654 2605 suffragetur
674 2523 843 2586 necessitas
864 2523 1047 2586 excusandi.
1079 2523 1164 2587 Pro·

138 2625 222 2687 fecto
244 2622 328 2687 enim
340 2623 490 2705 indignus
508 2635 556 2686 est
575 2622 773 2699 sacerdotio,
798 2621 858 2685 nisi
878 2623 976 2685 suerit
996 2623 1161 2686 ordinatus

136 2725 265 2786 invitus.

555 2822 588 2884 H
600 2834 745 2885 utten.

212 2923 373 2989 Hactenus
391 2924 435 2989 illi
454 2923 616 2986 sanctione
636 2927 732 2998 lecta,
751 2922 798 2986 his
818 2921 889 3004 ajo,
916 2923 1056 2986 moribus
1076 2923 1161 3005 epis·

136 3042 237 3105 copos
256 3024 349 3088 nobis
367 3024 580 3088 confirmatis?
612 3035 666 3085 aut
688 3045 753 3086 non
773 3031 858 3085 tanto
879 3025 977 3103 magis
998 3045 1161 3107 quemque

139 3124 294 3204 probatis,
315 3136 434 3208 quanto
450 3124 616 3206 pecuniam
629 3122 745 3205 largius
756 3124 788 3184 iu
799 3145 856 3185 ros
867 3124 1053 3203 profundit?
1075 3124 1162 3186 Tum

139 3223 205 3299 ille:
232 3225 279 3286 At
297 3223 430 3287 liberum
449 3239 515 3299 cst,
534 3223 653 3308 inquit,
673 3223 764 3285 vobis
784 3223 952 3304 episcopos
972 3225 1110 3306 eligere3
1130 3234 1163 3284 at

138 3342 211 3396 eos,
231 3323 375 3405 inquam,
395 3323 564 3406 episcopos
583 3345 653 3391 csse
673 3325 847 3401 nonlicet,
867 3325 928 3389 nisi
947 3325 1036 3406 pallia
1055 3335 1162 3386 emant

138 3421 226 3503 prius
241 3422 308 3497 hie,
337 3443 406 3505 quac
436 3421 599 3487 electionis
616 3424 714 3507 igitur
739 3424 886 3488 libertas?
916 3437 967 3487 aut
986 3425 1082 3487 debet
1101 3425 1163 3488 ista

140 3521 249 3584 vocari
266 3522 380 3585 electio
399 3524 557 3605 episcopi,
585 3546 653 3587 non
671 3525 847 3608 designatio
868 3527 974 3606 potins
993 3524 1080 3606 ejus,
1103 3525 1162 3608 qui

139 3632 296 3684 mereatur
315 3624 530 3704 episcopatum
543 3626 685 3687 emeret?
705 3630 811 3708 Quare
822 3627 884 3688 hoc
895 3627 968 3688 nnhi
981 3627 1160 3707 responde:

138 3744 214 3785 num
235 3724 365 3797 Torone,
386 3733 444 3802 pro
464 3726 595 3804 imperio
615 3728 781 3791 nobiscum
799 3729 1013 3802 ‹lecertautcs,
1041 3726 1165 3791 Christi

137 3825 244 3887 hostes
257 3821 355 3906 magis
368 3822 503 3887 habendi
521 3825 599 3903 sint,
619 3838 714 3913 quam
735 3850 811 3906 vos,
831 3829 887 3912 qui
905 3827 1085 3890 veneranda
1098 3828 1162 3891 Dei

137 3925 253 4003 templa
277 3922 420 4004 pecuniis
448 3926 672 4007 expugnabilia
709 3928 833 3994 fucitis?
866 3930 961 3991 immo
992 3937 1047 4012 qui
1067 3933 1163 3994 caelos

135 4022 198 4102 jam
218 4023 376 4085 venditis?
410 4023 465 4107 qui
490 4025 575 4089 illum
602 4030 787 4112 perrupistis
807 4029 992 4113 integritatis
1011 4030 1163 4092 murum?

137 4122 213 4187 illud
231 4120 371 4186 demoliti
388 4124 463 4187 estis
488 4126 562 4189 fidei
583 4131 720 4194 vallum?
746 4154 883 4215 qrrorum
902 4131 1071 4194 insatiouda
1091 4133 1162 4196 auri

136 4224 235 4287 fames
263 4220 304 4285 ad
322 4243 411 4287 sacra
435 4228 606 4305 penetralia
631 4251 696 4293 non
715 4235 872 4312 proserpit
890 4230 968 4313 jam,
998 4232 1056 4295 sed
1075 4231 1164 4296 intus

136 4338 339 4403 magnacum
365 4327 481 4391 fiducia
499 4330 638 4412 regnat?
669 4333 725 4415 qui
744 4333 825 4396 illam
850 4332 1034 4409 corrupistis
1054 4332 1164 4397 incor-
