2632 5086
189 1197 274 1271 Viro
307 1222 375 1294 per
411 1196 529 1269 omnia
559 1216 690 1291 magno
723 1191 899 1265 Bilibaldo
923 1193 1195 1288 PirkheimerO,

190 1335 344 1408 Patricio
370 1331 685 1428 Norimbergensi,
722 1330 847 1401 Amico
873 1330 958 1403 sorti
983 1343 1021 1403 et
1044 1334 1192 1431 cognito

506 1470 654 1541 salutem
679 1462 867 1541 Huttenus.
918 1562 920 1566 y

188 1862 319 1968 Habes,
340 1893 381 1954 mi
399 1895 564 1969 Bilibalde,
585 1904 786 1975 perpetuum,
807 1892 866 1957 nisi
882 1893 981 1957 omnis
1000 1916 1075 1969 nos,
1098 1913 1192 1975 quam
1214 1910 1217 1917 '

185 1995 217 2054 in
243 1993 337 2055 literis
369 1995 583 2075 reposuimus,
622 2014 692 2073 spes
724 1994 823 2068 saliat,
856 1994 1066 2055 testimonium
1092 1995 1134 2055 de
1159 2005 1191 2053 te

186 2113 306 2168 meum,
339 2105 394 2154 aut
420 2093 630 2157 testimoninm
649 2093 753 2172 potius
777 2092 914 2154 amicitiae
936 2105 1067 2166 nostrie,
1098 2114 1192 2174 quam

185 2212 267 2271 rogo
303 2193 525 2257 studiosissime
557 2188 650 2256 eolus.
706 2195 802 2256 Mitto
833 2195 983 2276 Dialogos
1022 2195 1078 2269 L.,
1117 2194 1193 2255 item

186 2293 352 2357 Orationes
373 2295 413 2356 L.
430 2294 583 2375 Kobergo
605 2295 705 2355 danda
733 2294 930 2375 exemplaria.
968 2295 1090 2355 Verum
1114 2293 1192 2373 Epi·
1251 2355 1254 2365 ,

185 2394 269 2455 stolae
294 2390 363 2455 CC.
387 2395 549 2456 mittuntur
575 2414 640 2455 non
663 2394 798 2469 ideirco,
835 2395 922 2476 quod
945 2394 1097 2472 Kobergo
1125 2414 1192 2454 om-

184 2497 235 2561 nia
253 2493 331 2555 tradi
352 2494 460 2568 velim,
491 2495 547 2556 sed
572 2494 644 2578 quia
671 2496 810 2554 Stromer
831 2492 1031 2555 obnixissime
1055 2494 1190 2574 flagitat,

184 2596 263 2663 mitti
281 2594 351 2657 sibi.
405 2595 455 2654 Tu
475 2593 588 2676 igitur,
624 2593 679 2675 qui
698 2605 866 2676 utrumque
887 2615 986 2668 amns,
1019 2593 1090 2654 mihi
1111 2613 1191 2654 vero

184 2699 218 2762 in
234 2716 269 2758 re
286 2695 386 2756 adhuc
402 2693 484 2754 nulla
503 2693 646 2766 defuisti,
673 2695 746 2777 quie
763 2696 850 2757 aliter
867 2718 883 2756 a
902 2716 950 2756 me
967 2695 1102 2774 Lipsim,
1123 2716 1191 2777 quo

185 2793 235 2860 itte
261 2797 342 2869 vult,
376 2792 461 2855 mitte
487 2813 551 2853 non
575 2805 722 2873 possunt,
762 2796 838 2856 datis
861 2795 1012 2878 Kobergo
1039 2795 1099 2869 L.,
1137 2807 1192 2856 aut

185 2893 241 2970 C.‚
282 2895 308 2956 si
332 2896 414 2969 vult,
451 2891 570 2974 reliqua
602 2892 723 2973 Lipsim
749 2916 843 2976 quam
876 2907 965 2975 potes
998 2895 1079 2968 cito,
1117 2913 1190 2972 per·

184 2996 316 3060 ferenda
337 3015 429 3070 eura,
463 2994 494 3054 in
509 2995 589 3055 aedes
621 2994 802 3058 Melchioris
822 2996 961 3067 Lother,
992 2994 1073 3074 apud
1096 3015 1191 3076 (suem

186 3076 223 3158 ei
243 3106 361 3180 quaeret
379 3096 527 3157 Stromer.
575 3097 647 3175 Ego
672 3096 753 3158 bene
778 3100 880 3157 vateo.
926 3095 1021 3158 Brevi
1046 3104 1098 3154 aut
1115 3112 1190 3168 me,

186 3209 238 3259 aut
267 3193 493 3276 copiosissimas
521 3195 623 3257 literas
649 3216 665 3254 e
694 3216 743 3256 me
770 3195 906 3257 habebis.
955 3193 1082 3254 Interim
1110 3194 1191 3254 vate.

185 3294 304 3375 Accepi
326 3305 557 3360 Commentario
580 3306 713 3361 Caesaris
736 3296 812 3357 heri.
852 3296 930 3356 Vale
949 3292 1084 3354 heroice.
1122 3294 1191 3356 Au-

185 3408 280 3484 gustae
299 3393 525 3457 tttarttnatibue.
