2632 5086
168 744 240 819 illo
415 741 545 825 Febris
570 742 739 821 Secunde
760 732 962 849 Dialogus.¹

235 934 290 992 na
308 926 390 990 milri
410 938 519 992 omnia
537 939 668 1014 ingenio
686 948 777 1011 suat,
796 942 880 1017 quod
895 941 994 1014 lubet,
1016 960 1080 1002 nou
1097 929 1192 1016 lubet,

654 1057 718 1097 non
731 1045 808 1110 jam
830 1044 866 1098 id
887 1046 1053 1116 continuo,

235 1140 290 1199 Ita
314 1159 362 1197 me
389 1159 482 1198 amor·
502 1140 627 1212 lapsum
647 1141 750 1196 entmi
770 1143 936 1216 ludffieet,
957 1142 1079 1222 supet,
1108 1151 1193 1224 aqit,

585 1299 587 1304 ,
654 1245 792 1313 oppetit,

236 1341 378 1412 Rapta,
398 1342 666 1414 retinct,jaetat,
684 1343 845 1418 largitur,
865 1348 949 1421 quod
960 1348 1111 1419 det,non
1123 1349 1194 1419 dot,

649 1444 793 1514 deludit,

236 1545 340 1600 allode
367 1544 451 1618 praed
475 1545 595 1611 suasit,
630 1544 801 1613 dissrmsit,
837 1547 922 1621 quod
949 1547 1128 1621 dissuasit,
1158 1552 1197 1608 id

655 1652 803 1701 ostentat.

166 1747 272 1828 ,Juque
299 1745 360 1806 lroe
383 1742 443 1807 ctsi
463 1743 496 1806 in
520 1743 705 1807 rrnivt‘rsum
729 1765 800 1807 esse
825 1743 944 1808 dietum
966 1748 1114 1826 videtur,
1143 1752 1194 1816 his

168 1858 267 1907 tauron
287 1843 402 1907 ansuis
426 1845 582 1924 peculiare
602 1857 667 1909 est·
703 1846 844 1909 Primum
863 1849 947 1910 enim
979 1861 1193 1926 macerantur,

166 1947 253 2028 qaod
283 1945 406 2027 perdite
437 1966 509 2006 cum
536 1963 662 2018 ament,
699 1949 761 2011 hoe
785 1949 919 2032 adsequi
949 1970 1014 2011 non
1044 1965 1192 2029 possunt,

166 2045 300 2107 vicissim
327 2057 363 2107 ut
391 2057 549 2115 amentur,
578 2059 632 2108 aut
650 2048 677 2111 si
696 2061 840 2112 amentur
859 2049 970 2124 etiam,
999 2061 1034 2112 ut
1053 2072 1095 2114 ne
1117 2072 1193 2115 cum

165 2146 229 2207 aliis
245 2147 305 2208 lrnc
325 2147 385 2207 sibi
404 2168 570 2209 commune
590 2148 641 2218 sit.
679 2148 824 2232 Cumque
844 2171 895 2212 res
917 2149 956 2211 sit
977 2170 1086 2228 amor,
1113 2173 1193 2214 con·

163 2261 367 2331 sortemque
386 2269 451 2308 non
472 2247 575 2323 serat,
601 2260 687 2310 lanto
707 2250 851 2320 anxietas
874 2250 977 2329 major
1004 2263 1070 2326 est,
1100 2253 1192 2336 quod

163 2353 194 2415 in
222 2355 285 2416 hoc
310 2345 471 2413 homiuum
496 2370 614 2431 genere
639 2349 759 2414 versari
783 2372 922 2414 amorem
949 2352 1058 2415 vident
1084 2375 1191 2429 suum,

162 2456 249 2543 quod
277 2450 406 2516 solitarii
432 2449 546 2512 amoris
574 2472 672 2531 capax
703 2472 769 2514 non
797 2463 854 2514 cst.
876 2442 992 2532 ¹Quod
1019 2452 1111 2536 siqua
1139 2456 1191 2532 sit,

77 2606 81 2621 .
161 2579 230 2641 quac
256 2578 315 2638 per
340 2550 452 2617 mentis
477 2551 670 2614 iracundiam
692 2551 806 2615 blande
836 2553 940 2616 minus
967 2565 1191 2633 conversetur,

161 2655 223 2735 jam
247 2657 307 2717 lroc
325 2656 432 2716 (latet.
460 2651 550 2736 qaod
574 2673 615 2715 no
635 2653 725 2714 vultu
747 2653 891 2736 quidem,
919 2666 972 2717 aut
991 2655 1099 2719 verbis
1118 2677 1190 2720 mos

160 2755 297 2839 geritur,
319 2776 388 2838 quac
404 2751 604 2816 blandissime
617 2762 829 2814 consuescunt
841 2775 938 2828 vcro,
962 2758 1002 2818 de
1019 2757 1065 2818 eis
1085 2759 1191 2840 suspi-

160 2856 210 2918 cio
231 2867 295 2931 est,
316 2866 368 2918 aut
388 2865 488 2918 metus
509 2853 619 2928 etiam,
640 2863 672 2914 et
691 2852 802 2935 opinio
818 2855 907 2938 quod
928 2857 1107 2923 simulanter
1128 2860 1191 2922 hoe

160 2959 284 3021 saciant.
322 2956 374 3019 Sic
389 2954 566 3040 ingemebat
578 2975 666 3016 meus
679 2955 795 3035 hospes
812 2956 912 3032 enim,
935 2958 1061 3041 quoties
1073 2959 1189 3022 blande

159 3060 315 3123 arridebat
328 3058 393 3133 illa,
414 3058 466 3120 vel
477 3054 727 3138 amplexabatur,
749 3060 956 3121 autosculum
974 3060 1186 3142 adprimebat:

157 3161 286 3227 Utinam
304 3183 381 3224 vere
399 3158 496 3222 facias
517 3163 674 3222 hoamen
699 3159 792 3234 Elsa,
822 3171 918 3242 atquc
938 3183 980 3222 ex
999 3163 1105 3223 animo
1128 3163 1187 3225 iste

159 3263 199 3325 sit
218 3283 317 3324 amor.
355 3261 440 3322 Tum
458 3260 527 3321 illa:
560 3259 647 3340 Quid
666 3251 702 3319 ni
718 3279 759 3319 ex
780 3257 906 3335 animo,
935 3282 972 3322 ac
992 3262 1096 3324 vere?
1135 3263 1189 3326 Sic

159 3386 209 3429 mc
229 3362 337 3428 nosti?
373 3361 446 3441 lpse
466 3379 545 3422 roro
573 3359 740 3443 quemdam
762 3352 931 3440 objiciebat
952 3382 993 3422 cx
1012 3361 1186 3442 juvenibus

159 3467 232 3542 illis,
260 3462 422 3549 quisnam
441 3459 584 3544 quotidie
603 3460 733 3521 domum
752 3462 977 3535 adventabant,
1000 3485 1082 3547 quos
1103 3467 1187 3528 vidit

160 3568 335 3630 osculantes
357 3561 535 3636 interdum,
565 3569 619 3620 aut
637 3559 724 3622 aliter
741 3559 784 3622 illi
806 3564 932 3624 amicos.
970 3563 1019 3625 lbi
1038 3575 1104 3626 tum
1125 3568 1187 3628 ela·

158 3686 280 3741 mores,
300 3663 345 3727 ibi
362 3661 482 3745 jurgia,
502 3671 535 3722 et
548 3659 693 3742 pertinax
711 3660 881 3745 aliquando
896 3665 1070 3729 dissidium.
1110 3665 1187 3731 Cla·

158 3768 261 3832 mabat
273 3767 324 3830 illa
335 3764 435 3839 enim,
453 3773 541 3825 tanto
553 3761 616 3840 jam
631 3772 775 3843 tempore
791 3768 930 3826 amanter
942 3787 977 3828 se
989 3765 1185 3842 convixisse,

159 3888 218 3933 nec
237 3867 337 3941 aliud,
365 3883 458 3949 quam
481 3875 518 3927 ut
535 3865 615 3925 male
634 3863 675 3925 de
695 3885 729 3928 se
749 3865 916 3948 opinetur,
935 3864 1110 3941 meruisse,
1132 3888 1187 3931 su·

158 3971 283 4052 spicax,
303 3977 336 4028 et
353 3965 485 4029 infidum
505 3965 704 4029 sacerdotum
723 3986 843 4049 genus,
864 3967 928 4028 haee
948 3965 999 4030 illa
1017 3987 1088 4031 esse
1109 3954 1187 4049 pro'·

157 4071 269 4145 missa,
292 4068 375 4130 illam
395 4067 561 4149 magnifiee
587 4062 734 4146 injectam
759 4087 864 4147 spem,
892 4069 972 4130 hane
989 4068 1048 4132 sibi
1068 4070 1188 4151 reponi

80 4226 84 4235 .
136 4250 139 4254 Α
159 4171 308 4255 gratiam,
334 4168 423 4253 quod
442 4165 526 4246 apud
543 4165 704 4249 principes
721 4167 809 4230 viros
827 4154 1042 4234 conditionem
1066 4170 1187 4234 habere

159 4269 422 4355 remouisset,
446 4281 480 4331 et
498 4270 538 4332 ab
558 4267 810 4351 opulentioribus
830 4271 926 4351 petite
951 4282 1053 4347 esset,
1078 4271 1189 4353 ipsum

158 4373 360 4458 pretulisset,
378 4369 436 4434 uui
456 4371 652 4453 voluptatem
665 4372 922 4447 accommodans,
943 4369 1033 4449 jocos
1053 4372 1131 4455 uni,
1152 4384 1189 4437 et
