2632 5086
229 786 299 860 tto
468 786 526 862 tt
546 785 660 861 Man.
685 780 890 857 Lutherum
914 781 1020 880 epist.

230 976 314 1043 Tum
342 986 413 1061 que
437 977 611 1053 facundia,
640 984 676 1039 ut
703 976 857 1058 quodque
881 973 1014 1056 occipit,
1042 975 1197 1039 efferendi
1222 988 1257 1039 et

227 1072 454 1157 amplificandi!
493 1076 662 1142 Meliorem
688 1076 747 1137 hac
770 1076 803 1137 in
822 1097 859 1138 re
878 1075 1076 1138 adsertorem
1104 1087 1137 1139 et
1150 1077 1257 1161 aptio·

225 1197 296 1242 rem
321 1175 467 1243 invenire
489 1196 556 1240 uon
581 1191 773 1257 poteramus.
817 1178 925 1259 Atque
949 1174 1049 1259 igitur
1074 1188 1168 1253 sunt,
1200 1177 1259 1262 qui

226 1277 388 1342 invertere
424 1277 510 1341 illum
538 1275 631 1341 nobis
645 1286 816 1340 conentur
843 1295 958 1356 magno
985 1275 1112 1340 assidue
1138 1297 1256 1359 opere,

227 1378 286 1442 sed
305 1397 371 1440 non
393 1375 631 1459 preventum,
659 1387 746 1439 certe
765 1376 852 1450 sci03
878 1376 921 1439 ito
936 1390 1134 1459 perspectam
1152 1379 1256 1442 habeo

224 1476 361 1545 toruus
386 1477 491 1541 iidem.
529 1475 729 1557 Quinetiam
751 1497 850 1559 quum
872 1476 912 1540 ab
931 1476 1037 1542 etnicis
1066 1478 1256 1562 quibusdam

226 1587 260 1642 et
281 1576 465 1643 necessariis
485 1585 660 1639 tenuretur
680 1596 799 1659 paucos
821 1587 894 1638 ante
923 1575 1011 1653 dies,
1043 1589 1079 1640 ut
1104 1590 1191 1641 tanto
1221 1578 1257 1639 in

224 1674 326 1747 tibio
348 1688 474 1742 causatu
491 1676 676 1750 desereret,
701 1675 950 1759 pertinacissime
970 1675 1102 1752 restitit,
1127 1697 1258 1739 causam

224 1800 262 1844 se
288 1775 416 1842 minime
444 1775 573 1841 dubiem
599 1774 684 1840 tueri
716 1776 905 1840 adfirmans:
944 1797 1017 1841 nem
1039 1774 1157 1841 Christi
1183 1797 1258 1838 esse

225 1890 258 1944 et
284 1878 445 1954 veritatis,
477 1888 632 1960 pretereo
658 1876 838 1957 reipublice
871 1878 1037 1942 Germane
1062 1890 1255 1959 competere,

224 1990 262 2049 ut
278 1990 387 2043 nostra
408 1976 602 2060 accipiantur
618 1976 757 2051 'munitm
784 1978 879 2042 etiam
900 1989 937 2041 ut
959 1978 1145 2043 defensetur
1164 1981 1256 2041 fides.

223 2078 310 2146 Noio
334 2089 438 2142 tamen
462 2079 559 2145 latere
585 2086 639 2153 te,
668 2076 836 2153 Luthere,
870 2088 1014 2142 sutorem
1044 2078 1145 2144 fuisse
1168 2099 1256 2154 cum,

223 2198 293 2265 quo
308 2198 352 2249 ue
368 2178 487 2262 aliquid
500 2177 535 2241 in
546 2179 632 2240 hunc
645 2197 750 2260 usque
762 2178 847 2242 diem
861 2185 956 2241 manu
970 2179 1120 2243 fecerim:
1140 2179 1197 2242 sed
1212 2199 1255 2240 eo

223 2270 382 2365 neuuilit),
402 2293 439 2341 ut
458 2288 578 2365 quanto
597 2277 717 2342 diutius
736 2279 916 2343 omnnem
934 2300 1004 2354 me,
1025 2289 1113 2340 tento
1132 2278 1256 2341 favoris

225 2381 299 2467 plur
317 2376 447 2443 secedet
471 2395 596 2453 caum
625 2388 780 2462 tantoque
803 2375 901 2459 ungis
923 2377 1114 2440 insolescant
1139 2377 1258 2441 adrer-

224 2480 319 2557 at'ii,
339 2489 510 2562 putantes,
535 2476 654 2542 riuum
673 2489 706 2541 et
727 2478 811 2542 mole
829 2497 1015 2560 oppressum
1035 2495 1116 2540 mee.
1153 2477 1257 2539 Secu-

224 2592 369 2646 nusum
390 2579 581 2644 monitorem
606 2577 750 2644 amicum.
787 2574 919 2641 interim
939 2588 972 2642 et
990 2578 1075 2660 apud
1095 2575 1258 2643 Cesarem

225 2682 295 2766 egit
312 2698 437 2743 causum
455 2698 577 2742 meoms
609 2679 668 2762 qui
684 2677 730 2742 itti
749 2675 917 2760 promisit,
942 2698 1009 2741 non
1026 2697 1194 2758 passurum
1220 2699 1257 2741 se

226 2778 364 2863 opprimi
381 2797 451 2854 me,
470 2797 577 2861 neque
596 2778 715 2842 indicte
730 2798 827 2842 causa
839 2778 1069 2842 demnumrum.
1107 2778 1177 2841 Jem
1193 2778 1255 2840 hoe

225 2878 348 2962 egitur,
363 2889 400 2941 ut
413 2889 652 2957 exspectemus,
673 2876 825 2960 proximo
845 2876 983 2941 concilio
999 2877 1078 2962 quid
1092 2888 1255 2941 statuemur.

223 2977 416 3047 Existimant
443 2997 568 3055 omnes,
596 2980 638 3042 de
656 2978 751 3042 nobie
770 2989 935 3043 tractatum
956 2979 995 3044 iri
1015 2980 1137 3063 magnis
1161 2978 1256 3043 etiam

217 3077 527 3145 concertationibus.
563 3079 663 3160 Quod
689 3077 884 3156 ridebimus,
916 3082 1011 3161 quale
1034 3080 1179 3144 futurum
1202 3078 1254 3141 sit.

227 3178 282 3245 Tu
300 3191 333 3242 te
351 3179 524 3256 confirma,
543 3189 576 3241 et
594 3178 751 3243 constanti
772 3179 878 3249 urimo
896 3179 1022 3243 veritati
1045 3182 1177 3244 adhere-
1217 3178 1255 3243 in

227 3277 355 3344 Cerere
380 3289 485 3343 tamen
510 3278 580 3361 spei
605 3276 777 3343 admodum
804 3291 853 3344 est
877 3299 1010 3362 parum,
1044 3281 1139 3344 habet
1170 3279 1255 3343 enirn

225 3378 426 3443 secerdotum
448 3378 532 3442 circo
557 3398 592 3439 se
613 3399 743 3463 magnes
763 3402 895 3464 greges:
920 3394 1016 3466 atque
1035 3384 1159 3447 illorum
1183 3381 1256 3464 qui·

224 3473 359 3543 busdam
384 3487 434 3541 est
466 3476 628 3543 obnoxius
656 3479 770 3554 etiam3
804 3482 860 3566 qui
893 3504 1003 3546 omnes
1039 3492 1128 3544 aetete
1154 3479 1255 3560 ipsius

183 3600 188 3608 ·
227 3574 399 3639 abutuntur
415 3576 456 3639 ed
470 3577 603 3643 comitia
616 3598 781 3664 nunquam
800 3581 861 3663 ipsi
878 3582 1058 3660 profutura.
1095 3583 1139 3646 At
1155 3582 1255 3645 Fran·

226 3674 303 3738 eisci
320 3696 419 3757 opere
438 3677 540 3742 solide
554 3689 623 3743 ests
643 3700 834 3764 quamquam
854 3691 888 3745 ct
905 3681 1080 3759 cesarem,
1099 3683 1169 3745 exis
1185 3680 1192 3693 '
1244 3693 1257 3742 t

225 3776 303 3855 itte,
341 3778 404 3842 troc
441 3778 620 3862 principum
652 3792 817 3845 conventu
854 3782 1086 3848 intellecturum
1116 3693 1255 3858 unffi,

225 3876 306 3965 quid
330 3877 534 3962 tribuendum
566 3879 607 3943 eit
634 3880 740 3945 infidis
767 3881 982 3965 pontificibus.
1029 3886 1071 3947 Et
1100 3882 1255 3958 futurum,

225 3978 373 4046 nonnulii
393 3978 603 4057 arbitrantur,
633 4000 754 4063 magne
773 3981 857 4046 inter
876 3995 1049 4070 utrumque
1068 3983 1257 4048 intensionis

226 4081 289 4145 itoc
300 4091 445 4161 tempore
456 4078 600 4158 initium,
620 4082 678 4145 ubi
693 4103 785 4146 suum
802 4084 939 4148 officium
950 4083 1140 4149 Freueiecus
1150 4083 1258 4146 faciet.

227 4179 342 4248 Potest
371 4180 456 4262 apud
484 4176 644 4246 Cesereur
676 4183 769 4246 valde
799 4186 954 4261 multum,
988 4185 1047 4248 sed
1075 4194 1258 4265 opportune

227 4279 372 4364 edgredi.
386 4288 484 4362 parat.
528 4281 655 4364 Quibus
682 4283 726 4347 de
754 4282 855 4347 rebus
882 4285 966 4348 setis.
1015 4285 1112 4348 Mitto
1142 4283 1258 4346 bullum

229 4378 368 4457 Decimi,
390 4398 476 4451 nme
486 4423 497 4456 ‚
526 4393 682 4466 quantum
697 4378 886 4451 brevissimo
904 4405 963 4467 per
982 4384 1158 4451 Chriettrm!
1179 4393 1260 4446 teru-
