2632 5086
612 51 707 236 ,Ι

351 692 479 769 Febris
503 688 883 795 Secunde-itidem
983 622 989 639 ἦ
1054 694 1123 771 421

527 874 697 949 ttebnt

181 983 282 1048 Paulo
301 997 389 1068 post,
410 1007 482 1049 cum
500 986 609 1049 nolent
627 970 1128 1068 terremptmtomoertomm

106 1083 217 1162 millia,
245 1086 398 1163 otiosum,
425 1098 456 1149 et
476 1084 586 1150 inutile
604 1104 717 1169 magne
737 1107 778 1149 ex
798 1096 885 1164 purte
904 1091 1035 1172 vulgus,
1060 1092 1129 1157 ssu·
1222 1132 1225 1138 ·

107 1206 163 1268 ges
182 1198 300 1248 tarnum
317 1207 504 1250 consumere
519 1197 637 1250 netum.
675 1186 713 1250 ln
726 1186 829 1271 aliqua
840 1209 971 1277 ennome
984 1193 1127 1285 caritate,

107 1288 236 1370 quando
258 1288 507 1371 indignabuntur
522 1285 660 1362 strenui,
682 1288 772 1371 quod
789 1287 849 1351 sibi
867 1288 1020 1366 debetur,
1039 1294 1128 1378 igne·

108 1410 167 1454 vos
187 1388 347 1466 homines,
367 1399 399 1452 et
417 1390 569 1453 socordes
589 1387 762 1471 prodigere
781 1388 814 1451 iu
832 1390 912 1453 luxu
931 1391 1033 1455 etiam.

531 1532 699 1596 Hulten.

180 1630 336 1695 Futurum
355 1630 494 1712 colligis,
513 1642 549 1695 ut
568 1632 833 1716 quemadmodum
852 1653 926 1716 apes

221 1735 245 1790 I
241 1751 379 1809 quaeum
387 1730 488 1802 sucos
500 1748 596 1804 perus
610 1751 633 1789 a
645 1733 841 1806 presepidus
858 1742 987 1806 anast,

107 1832 151 1897 ita
169 1834 294 1897 desides
314 1833 384 1894 illos
402 1843 551 1915 tanquam
568 1831 748 1914 reipublice
765 1853 832 1897 non
849 1831 977 1898 inutiles
996 1843 1127 1911 tentum,

108 1936 168 2000 sed
190 1936 382 2016 perniciosos
409 1934 500 1996 etiem
526 1930 670 2017 ejiciam,
701 1954 738 1998 ao
755 1933 967 2007 exterminent
981 1933 1127 2003 industrii

108 2035 173 2112 illi,
199 2048 230 2099 et
248 2035 428 2098 necessarii.

542 2134 700 2198 Fehrlt'.

181 2238 276 2303 Haud
294 2238 352 2300 alia
367 2235 501 2299 ratione.

536 2352 704 2415 Hutten.
776 2368 780 2375 ·

185 2457 232 2518 At
257 2454 357 2517 otium
374 2452 573 2518 excusabunt
587 2452 621 2516 hi
641 2471 749 2526 suunt,
776 2449 935 2512 dieentes:
970 2448 1128 2530 sapientire

112 2559 210 2639 gratie
229 2554 322 2619 otiari
341 2576 396 2632 se,
424 2555 627 2620 Aristotelem
645 2552 764 2615 dooere
776 2549 880 2614 enim:
909 2548 1070 2627 sedendo,
1096 2559 1130 2612 et

114 2654 308 2742 quiescendo
327 2653 398 2720 fieri
415 2653 653 2738 prudentiorem
672 2653 816 2716 enimam.

537 2768 696 2835 Febris·

184 2873 229 2937 At
247 2882 357 2935 eontra
384 2868 595 2953 exoperibus
622 2888 735 2937 eorum
753 2877 1006 2949 cognoscentur,
1038 2864 1132 2949 quate

112 2976 285 3059 sequantui
305 2972 420 3048 otium,
440 2971 497 3056 qui
515 2970 642 3035 ferendi
660 2978 746 3032 certe
764 2976 887 3042 essent,
916 2965 963 3040 si,
984 2962 1134 3048 quemm-

112 3078 239 3140 modum
272 3073 457 3139 Plutarchus
488 3082 623 3149 monet,
661 3066 699 3132 in¹
725 3064 862 3130 scientie
897 3078 931 3130 et
959 3060 1133 3145 prudentie

111 3175 339 3242 exercitatione
359 3183 518 3256 ponerent
537 3172 638 3237 otium
655 3181 689 3237 et
706 3167 857 3256 quietem

535 3290 704 3355 Hutten.

185 3394 281 3459 Utilia
298 3392 434 3458 sundere
453 3402 485 3457 te
504 3390 614 3455 video.

538 3504 696 3572 Febris.

191 3607 293 3695 igitur
310 3608 428 3691 recipe.
504 3646 507 3651 -

546 3708 717 3773 liuttere.

192 3807 393 3895 Reciperem;
429 3808 491 3875 nisi
514 3810 562 3873 his
584 3808 769 3875 eamn*
783 3801 979 3889 principibus
1003 3788 1138 3859 consilio

114 3928 199 3991 opus
218 3931 288 3975 osse
307 3922 364 3975 tuo
383 3911 543 3987 viderem,
570 3921 607 3972 ut
627 3904 819 3973 meliorem
809 3904 995 3975 informem
1013 3891 1139 3976 redige·

115 4021 187 4073 rent
207 4010 330 4093 imperii
348 4025 462 4076 statum
481 4011 633 4074 immense
648 4010 712 4085 itta,
732 4024 765 4071 et
786 3982 1023 4085 incomparabili
1042 4012 1140 4076 pecu·

115 4110 184 4188 nie,
217 4132 287 4196 quse
317 4114 430 4199 otiosis
457 4110 637 4176 moritteulis
648 4108 754 4187 redit,
788 4106 823 4169 in
851 4104 1009 4167 bellarm
1026 4091 1139 4178 purtim

116 4223 275 4293 sumptus,
304 4213 420 4295 partim
447 4213 541 4278 etiem
568 4210 785 4341 studiosortn
802 4204 971 4271 hominen
999 4198 1145 4263 atinent

118 4311 349 4393 dispertientes.
818 4330 823 4341 ·
850 4332 865 4353 ··
