2632 5086
453 739 625 813 Misaulus
649 741 833 841 Dialogus.
950 806 957 815 .
1099 753 1145 822 5³

196 926 303 1006 optimu
317 930 377 992 vite
400 943 538 1013 partem,
566 944 597 995 et
623 934 716 998 etatis
734 935 846 999 florem
865 939 897 999 in
915 939 983 1005 aula
1001 937 1145 1018 perdidi,
1172 928 1176 933 ¹

193 1025 448 1110 interSycophantas
475 1053 511 1094 ac
529 1045 753 1111 assentatores,
784 1037 866 1099 inter
887 1038 1043 1100 fastuosos
1070 1059 1147 1101 cou-

193 1148 316 1208 gerones,
347 1133 513 1196 insidiosos
545 1134 742 1197 convictores
768 1137 816 1212 ᾖ),
858 1137 938 1198 inter
964 1138 1146 1215 magnificos

189 1227 305 1310 Semnus,
330 1234 432 1313 regios
452 1255 563 1308 canes,
584 1246 614 1295 ct
633 1234 679 1308 **)
698 1235 838 1298 homiues
859 1236 928 1310 *⁴‘*)
949 1257 1086 1319 quorum
1105 1258 1145 1299 ne

183 1327 293 1390 inscena
316 1331 438 1413 quidem
464 1334 634 1395 laudandus
660 1333 699 1394 sit
718 1335 838 1417 aliquis.
884 1335 970 1397 Inter
989 1338 1145 1418 gloriosos

179 1428 275 1503 nitites,
299 1449 335 1490 ac·
350 1430 433 1508 aasz.)
462 1433 549 1508 illos,
584 1431 699 1495 Casto!
730 1435 871 1516 equites,
908 1436 962 1518 qui
989 1448 1061 1498 sunt
1087 1438 1145 1517 ipsi

176 1528 248 1610 mgis
265 1533 438 1614 pierumque
458 1532 580 1606 hostire,
601 1554 693 1613 quam
712 1535 757 1594 hae
777 1556 854 1615 quas
874 1536 1030 1617 equitant,
1050 1549 1144 1620 atque

172 1629 233 1689 uteo
255 1629 330 1693 inter
351 1631 548 1707 Centauros,
586 1632 668 1693 inani
696 1652 768 1710 spe,
805 1634 872 1695 sine
900 1635 1024 1710 fructu,
1058 1636 1144 1698 duris

168 1748 264 1806 temper
300 1731 399 1792 modis
435 1730 581 1813 fatigatus
614 1753 650 1792 ac
686 1732 855 1794 delassatus
895 1734 969 1794 duur
1004 1735 1146 1796 virebant

169 1845 263 1907 genua,
280 1832 349 1891 dum
368 1831 472 1892 omnia
491 1843 577 1893 erant
592 1831 722 1911 integra.
762 1831 826 1912 Qui
845 1831 871 1893 si
891 1833 986 1893 hodie
1007 1831 1143 1912 abjiciar,

171 1945 202 1984 te
222 1928 314 2010 aliquis
345 1943 439 2012 roget
464 1951 600 2013 quonam
629 1942 719 2009 pacto
748 1931 780 1991 in
810 1933 878 1992 aula
904 1935 1142 2009 consenuerint,

172 2024 231 2105 quid
246 2027 316 2090 aliud
334 2032 548 2110 respondero,
582 2053 674 2114 quarn
693 2032 780 2112 quod
802 2030 852 2093 ille
873 2032 956 2111 apud
975 2032 1141 2109 Senecam,

169 2122 269 2199 injurias
283 2129 444 2207 patiendo,
464 2141 497 2191 et
512 2131 624 2211 gratias
644 2151 724 2209 sepe
741 2130 891 2212 agendo?

562 2229 716 2292 Castus.

172 2342 177 2353 ¹
227 2327 321 2389 Vrcem
345 2340 430 2391 tuam
449 2328 557 2404 doleo,
588 2329 737 2391 Misaule!
771 2349 950 2410 quanquam
976 2329 1142 2408 desperan-

171 2423 228 2484 (hn
246 2448 301 2489 non
320 2440 408 2508 puto.
456 2431 496 2489 Et
512 2428 597 2491 sorte
617 2440 739 2510 tempus
764 2429 824 2490 erit
839 2427 890 2502 †),
921 2438 956 2488 ut
976 2426 1072 2488 lartius
1091 2422 1143 2486 ali·

175 2523 232 2602 qttid
245 2528 356 2590 eveniet
374 2528 445 2605 Η).

278 2622 281 2626 ’
369 2654 373 2659 ·
510 2628 744 2701 ‚It'lisaulus

187 2807 189 2810 y
227 2723 331 2790 luillius
343 2728 421 2804 hoc,
436 2727 548 2791 Ceste!
568 2727 699 2810 genibus
716 2727 808 2789 situm
823 2737 887 2802 est,
908 2724 964 2808 qui
978 2721 1141 2806 quomodo

176 2816 262 2902 inquid
276 2828 400 2890 (laturus
419 2829 618 2902 crederetur,
644 2829 795 2889 exhausto
817 2824 879 2906 jam
897 2836 929 2885 et
946 2822 1066 2897 inutili,
1087 2819 1142 2903 qui

176 2921 251 2982 omia
263 2924 334 2989 tatto
355 2929 497 3009 promisit
515 2925 625 3007 juveni
644 2937 675 2988 et
694 2926 809 2988 valido.

556 3025 714 3088 Castus.

227 3123 289 3204 Spes
306 3139 352 3190 est
369 3130 434 3190 haec
451 3126 585 3200 lubrica,
607 3137 758 3206 quantum
776 3121 877 3203 sapio.

536 3226 746 3287 Misaulus.

224 3322 263 3388 Tc
279 3328 428 3389 monitum
451 3326 547 3409 igitur
570 3326 677 3400 velim,
706 3345 747 3386 ne
767 3335 829 3385 tani
849 3320 1032 3401 periculosae
1054 3314 1140 3378 navi-

160 3420 301 3498 gannire
318 3427 500 3489 committas.
545 3426 630 3507 Quid
647 3425 730 3488 enim
749 3421 871 3488 divitias
889 3429 993 3499 sperat
1013 3414 1140 3497 aliquis,

153 3517 224 3586 inter
234 3536 273 3587 tot
286 3538 412 3609 egentes
433 3522 677 3604 competitores?
698 3535 750 3586 aut
762 3520 932 3602 potentiam
945 3516 1023 3600 quid
1035 3513 1139 3587 ambit.

152 3641 232 3703 quam
248 3625 312 3688 sinc
329 3625 447 3687 invidia
466 3626 581 3687 habere
603 3647 669 3687 non
685 3623 810 3704 potest?
838 3623 904 3685 Aut
926 3638 1018 3702 quarn
1040 3615 1066 3675 si
1088 3617 1140 3676 ha·

146 3720 225 3798 hen,
242 3746 310 3787 eum
327 3725 467 3805 periculo
486 3724 620 3786 habeat?
651 3723 734 3786 Cunr
751 3725 791 3785 de
809 3720 954 3784 omnibus
974 3715 1017 3777 itti
1034 3733 1140 3774 secum

142 3823 326 3905 petentibus,
357 3826 437 3886 mate
462 3823 669 3902 suspicentur.
721 3823 824 3884 Porro
852 3819 938 3902 quis,
970 3814 1029 3878 nisi
1051 3811 1140 3872 vatdc

139 3925 258 3999 stultus,
286 3924 313 3987 si
333 3926 395 3986 hoc
414 3924 511 3987 modo
529 3922 568 3986 sit
586 3924 741 3999 monitus,
770 3923 805 3985 in
824 3923 882 3986 hac
900 3913 1040 3998 experiri
1059 3929 1139 3974 nave

139 4070 298 4085 ὴ

163 4153 196 4226 ⁸)
209 4165 343 4215 fastuosos
360 4176 543 4223 cenomanos,
561 4167 694 4211 insidiosos
711 4162 884 4208 connlctores:
911 4157 995 4202 tastum
1015 4164 1043 4198 ac
1060 4160 1140 4206 supera

161 4247 223 4293 blau
240 4246 370 4293 cuneorum
389 4258 568 4303 congerronum.
609 4240 654 4301 ⁴⁸)
674 4255 721 4293 et:
739 4245 808 4291 iuter.
844 4233 908 4301 ⁴⁰)
928 4237 1000 4287 Ceste
1018 4235 1077 4280 nach
1097 4232 1140 4275 hon

159 4332 236 4378 niues
248 4331 385 4388 durchssest.
405 4323 486 4392 W)
497 4345 542 4378 ae:
554 4334 624 4380 inter.
640 4335 670 4386 τ)
681 4333 731 4378 erte
742 4345 750 4374 :
763 4331 808 4376 e'st·
836 4317 885 4388 Η)
895 4326 1005 4371 evertet:
1018 4317 1122 4366 eveniat.
