2632 5086
133 754 184 835 tl
413 748 470 828 ld
493 752 597 828 Bilib.
621 755 870 833 Pirckheimer

134 968 229 1032 quem
256 948 360 1011 vlrum
385 947 440 1031 qui
460 958 556 1024 amat,
594 948 620 1010 is
647 952 738 1014 valde
763 972 798 1013 se
824 973 842 1013 a
867 974 919 1016 me
943 952 1039 1018 amari
1064 944 1154 1017 se'iat.

131 1050 250 1132 Accepi
278 1049 425 1130 epistolas
445 1050 685 1131 Nevaquilaris,
715 1052 770 1115 nbi
796 1053 895 1117 risum
920 1054 1044 1118 movisti
1065 1052 1153 1131 mihi,

132 1151 259 1234 quando
273 1161 304 1211 te
318 1151 446 1210 blaesum
458 1149 567 1229 fingis,
586 1150 618 1211 in
632 1152 766 1233 quadam
778 1153 986 1216 destinctiene
999 1181 1019 1215 r
1029 1153 1153 1217 literam

131 1250 288 1313 omittens.
338 1252 388 1312 De
415 1249 487 1324 illo,
516 1270 612 1331 quern
640 1263 674 1312 ut
700 1249 849 1334 lugeres,
882 1254 984 1331 suasi,
1018 1255 1095 1318 nihil
1120 1261 1152 1318 te

129 1373 248 1414 moror.
276 1356 462 1421 Ἐκιῖνοιμέν
483 1356 542 1413 len
563 1360 671 1414 ἐκιῑνοι.
696 1354 768 1433 Ego
784 1366 890 1416 antem
907 1356 1028 1435 optimo
1047 1356 1153 1419 animo

128 1451 211 1526 feci,
245 1464 281 1514 nt
307 1465 337 1513 te
362 1474 612 1533 praemonerem,
647 1472 688 1514 ne
716 1453 796 1536 quid
819 1453 973 1519 incautius
1005 1456 1037 1519 ei
1066 1477 1152 1519 com-

127 1551 266 1613 mitteres
281 1575 300 1625 ς’
329 1574 441 1635 quern,
481 1555 566 1616 hand
597 1552 683 1625 scie,
719 1575 758 1615 an
784 1566 870 1617 recte
897 1555 1039 1618 noveris.
1088 1554 1153 1619 Sed

127 1673 212 1713 nnnc
232 1653 272 1713 ad
290 1674 345 1727 ea,
373 1675 442 1736 que
461 1656 543 1716 velle
565 1664 595 1713 te
617 1652 698 1715 scire
719 1653 873 1733 suspicer.
911 1654 1084 1716 Dimissum
1104 1665 1152 1714 est

126 1753 177 1816 bie
203 1754 386 1830 concilium,
408 1754 497 1837 quod
517 1776 556 1816 an
580 1753 699 1836 aliquid
724 1753 886 1816 hominum
911 1753 1150 1835 exspectatione

126 1854 257 1933 dignum
274 1854 411 1936 peperit,
429 1856 565 1935 ignoro;
583 1874 773 1936 quamquam
785 1854 869 1915 haud
880 1855 1005 1936 penitus
1021 1854 1150 1937 ignoro-

126 1955 210 2017 Nihil
241 1955 325 2015 enim
352 1954 486 2032 peperit.
537 1954 679 2035 Legatus
709 1954 893 2029 Pontificis,
933 1954 1021 2018 hiarrs
1053 1958 1149 2037 lupus

125 2054 274 2128 discedit,
303 2054 378 2115 nihil
400 2075 418 2114 a
439 2051 603 2115 Germanis
622 2053 762 2133 pecuniae
782 2054 945 2131 referens,
973 2058 1062 2138 qued
1083 2078 1150 2119 nen

124 2167 186 2217 tam
205 2156 352 2237 improbo
363 2200 371 2230 ,
395 2176 489 2238 quam
510 2154 629 2216 irascor
642 2155 688 2231 ὑ),
708 2154 749 2215 de
768 2154 851 2216 bello
869 2154 1008 2217 'l'nreico
1029 2156 1150 2221 nemini

124 2279 232 2320 euram
251 2277 331 2319 esse.
365 2257 473 2338 Atque
493 2254 605 2338 igitur,
625 2254 667 2317 ita
686 2274 735 2315 me
751 2256 832 2318 salus
852 2266 974 2330 servet,
998 2267 1034 2317 ut
1052 2257 1150 2321 velim

124 2359 164 2421 ad
182 2358 285 2438 ipsum
307 2356 481 2418 Germaniae
500 2356 594 2417 limen
614 2358 738 2436 pulsare
757 2377 817 2419 nes
839 2358 866 2416 Τ
870 2378 975 2419 urcas:
1008 2379 1075 2440 quo
1096 2354 1149 2421 isti

122 2459 300 2522 excitentur
313 2457 482 2540 aliquando
499 2466 708 2519 cunctatores.
747 2457 797 2519 De
812 2477 881 2519 mea
894 2457 1073 2519 valetudine
1085 2460 1148 2521 hoc

122 2559 239 2640 accipe.
285 2556 529 2620 Praesentissima
555 2568 602 2619 est
629 2579 647 2616 a
671 2558 759 2640 ligne
780 2558 941 2621 Medicina
954 2583 961 2633 ;
975 2560 1024 2634 ua)
1055 2554 1148 2641 qnod

122 2663 224 2723 adhuc
244 2659 422 2720 dubitamus
430 2682 441 2732 ‚¹
461 2679 527 2740 quo
543 2658 671 2720 nomine
688 2661 906 2740 appellandum
925 2658 983 2721 sit:
1005 2660 1145 2724 Hebeue

120 2760 154 2824 in
173 2760 276 2822 multis
297 2757 396 2819 simile
414 2769 478 2833 est,
498 2757 529 2819 in
551 2760 738 2842 quibusdam
754 2761 860 2821 Buxo.
899 2761 972 2821 Non
987 2757 1145 2823 Hebenus

121 2873 226 2925 tamen
250 2871 314 2936 est,
349 2880 449 2921 uuum
476 2859 537 2920 hoc
564 2858 689 2922 scimus.
728 2862 799 2940 lpse
825 2860 911 2922 miris
937 2859 1040 2922 modis
1066 2881 1145 2923 con·

118 2966 255 3027 valesce.
296 2960 409 3025 Gratiae
420 2960 487 3036 aaa)
514 2958 641 3023 Christo
663 2960 816 3040 primum,
848 2960 962 3023 deinde
976 2961 1002 3021 F
1006 2961 1144 3036 uelreris,

119 3076 172 3129 aut
193 3061 315 3148 quiqui.
330 3073 422 3137 sunt,
452 3059 567 3143 quibus
592 3061 825 3140 perferentibus
845 3063 1012 3122 salutarem
1030 3072 1145 3125 eontra

118 3167 315 3248 pestilentem
347 3176 378 3225 et
409 3174 456 3225 tot
486 3162 548 3244 jam
577 3182 675 3223 aranos
707 3165 932 3224 conclamatum
962 3182 980 3222 a
1010 3160 1144 3225 medicis

117 3268 283 3340 morbum,
323 3265 475 3326 medelam
505 3263 691 3343 accepimus.
741 3260 882 3323 Maxima
908 3259 992 3334 cibi,
1033 3272 1143 3340 potus,

118 3388 154 3431 ae
182 3365 322 3428 omnium
348 3386 477 3438 eorum,
511 3386 581 3446 quae
606 3384 721 3442 corpus
753 3382 818 3423 non
848 3359 1004 3422 delectant
1026 3360 1139 3455 medo,

118 3470 175 3532 sed
200 3467 312 3528 fovent
338 3464 430 3525 etiam
457 3485 493 3525 ac
519 3462 675 3537 nutriunt,
709 3460 909 3535 abstinentia,
942 3460 1142 3524 curationem

115 3571 195 3633 hanc
222 3565 414 3647 experimur.
466 3565 623 3626 Praeterea
649 3562 758 3623 vitatio
788 3559 855 3624 seris
889 3570 975 3623 tanto
1003 3572 1070 3637 est,
1102 3567 1140 3622 ut

115 3669 199 3734 rimae
230 3688 338 3729 omnes
365 3665 570 3726 secludantur
597 3661 733 3724 cubiculi
768 3659 855 3739 ejus,
905 3659 939 3723 in
965 3661 1055 3744 quod
1080 3657 1139 3723 de·

115 3768 246 3833 mittitur
263 3765 345 3850 quis.
376 3767 496 3827 Totum
511 3762 573 3843 jam
589 3785 728 3826 mensem
747 3760 916 3824 abstemius
934 3783 1022 3835 sum;
1043 3758 1139 3843 cujus

114 3870 155 3932 ad
174 3867 373 3942 umbilicum,
394 3865 512 3927 indies
532 3865 673 3943 singulos
692 3864 857 3926 dimidium
874 3861 952 3942 pulli
970 3860 1138 3943 galb'nacei

114 3968 280 4050 prandium
299 3967 380 4041 suit3
413 3987 500 4028 coena
527 3968 610 4027 nulla
635 3965 705 4026 luit.
742 3966 822 4027 Post
848 3961 963 4044 largius
992 3961 1137 4039 accessit,

114 4069 283 4134 incernam
304 4066 463 4150 reliquum
477 4065 654 4144 dimidium,
678 4065 766 4146 panis
784 4062 817 4126 in
834 4062 934 4138 diem,
954 4061 1011 4145 qui
1026 4061 1138 4127 uncias

115 4232 307 4255 -u--t——m

161 4330 179 4366 '¹
195 4341 245 4373 non
264 4334 316 4372 tam
341 4320 468 4387 raptato,
495 4337 567 4384 quam
591 4326 705 4381 irascor,
740 4316 918 4367 zerschutttene
940 4306 1135 4378 Verbesunmr.

181 4402 361 4475 >uallatum
379 4412 503 4462 medicina.
534 4403 595 4470 Μ)
614 4412 728 4459 Grattoe:
747 4404 834 4461 gratia
