2632 5086
142 741 215 815 4³8
417 733 522 808 Trina
545 688 713 804 Romana
735 727 920 829 Dialogus.

146 930 269 1014 sapiant
285 926 411 1011 lparbari
430 926 595 999 Germani,
628 940 768 1007 quorum
785 921 980 1001 simplicitate
999 923 1033 985 in
1050 928 1173 983 tantum

146 1028 326 1104 abutimini,
357 1038 393 1090 ut
411 1025 552 1089 contenti
571 1042 637 1086 uon
655 1021 722 1085 sitis
742 1022 877 1103 pecunia
895 1021 1081 1104 dispoliare,
1116 1020 1174 1083 sed

144 1130 292 1211 injuriam
311 1147 348 1191 re
363 1128 478 1189 illatam
504 1125 676 1187 verborum
692 1123 791 1185 adhue
814 1123 1002 1186 contumelia
1021 1122 1174 1197 oneretis,

146 1242 179 1294 et
204 1228 359 1313 augeatis,
392 1226 587 1308 direptisque
612 1223 705 1286 nobis
737 1235 769 1285 et
796 1222 953 1305 spoliatis,
985 1243 1043 1300 per
1062 1221 1173 1303 jocum

145 1329 275 1409 insuper
294 1344 327 1391 et
346 1328 445 1391 risum
464 1323 729 1407 contemptissimo
749 1323 912 1393 insultetis,

542 1424 750 1495 Ernltold.

132 1535 138 1544 “
220 1528 346 1592 Faciem
364 1520 447 1589 ¹illius
465 1522 634 1589 nebutoni·
650 1510 762 1589 videre
782 1524 912 1598 videor,
932 1534 964 1586 et
980 1541 1047 1606 quo
1061 1524 1172 1585 colore

143 1629 190 1695 sic
207 1649 267 1713 per
288 1640 320 1691 te
338 1626 504 1700 discissus,
523 1635 556 1687 et
575 1622 756 1687 confractus
775 1623 962 1708 respexerit.

570 1725 743 1787 Hutten.
1050 1724 1052 1728 ’

219 1829 320 1891 Immo
339 1824 414 1888 nihil
431 1825 547 1908 magis,
566 1825 745 1899 Ernholde,
766 1844 943 1900 moveram,

248 1945 343 2001 quem
361 1928 391 1981 si
408 1927 492 1981 dure
510 1927 610 1992 silex,
630 1933 686 1980 aut
702 1935 761 1981 ster
778 1927 952 1998 Marpesia
975 1936 1099 2001 cautes,

142 2031 227 2082 tanta
246 2031 294 2082 est
312 2017 437 2081 liducia.
484 2016 557 2099 Age
579 2036 659 2079 vero
683 2016 820 2080 frontem
845 2031 964 2080 mutant
984 2021 1096 2085 Rome
1115 2024 1172 2087 im·

138 2119 254 2201 probi,
275 2129 329 2180 aut
348 2114 459 2199 aliquis
478 2127 526 2177 est
543 2115 655 2199 flagitii
674 2116 735 2177 illie
754 2116 882 2196 pudor?

542 2217 760 2279 Ernhold

217 2316 306 2379 Novi
323 2315 566 2397 impudentiam,
586 2316 645 2380 sed
662 2315 740 2400 quid
758 2317 972 2397 respondebat
990 2317 1031 2381 ad
1050 2319 1143 2382 lure?

566 2416 750 2478 Hutten.
906 2408 915 2425 ‘

219 2515 304 2597 Quid
332 2515 417 2579 aliud
442 2517 544 2592 enim,
584 2537 678 2599 quam
707 2517 785 2577 lianc
817 2517 919 2598 legem
952 2518 1028 2580 uilril
1054 2541 1170 2603 agere,

143 2617 232 2698 quod
251 2617 291 2678 ab
310 2615 517 2697 imperatore,
548 2615 605 2696 qui
623 2614 674 2693 jus
693 2614 726 2676 iu
746 2618 926 2694 pontillcem
948 2619 1060 2679 lrabeat
1076 2622 1170 2684 hodic

139 2714 281 2788 nullum,
302 2714 396 2776 immo
418 2734 512 2797 quem
531 2735 647 2794 parere
659 2715 801 2796 pontifici
823 2738 948 2799 aequum
969 2718 1025 2794 sit,
1054 2731 1171 2789 statua·

140 2812 216 2876 tur?
235 2824 266 2874 ct
285 2813 426 2897 quadam
446 2813 680 2894 impudentiore
697 2816 743 2877 iris
764 2816 863 2879 adhuc
883 2820 992 2881 multe.

552 2916 744 2978 Ernhold.

213 3012 280 3074 Nec
301 3011 333 3073 in
353 3008 423 3094 ejus
442 3014 541 3076 bucca
560 3024 633 3079 tuus
653 3015 804 3078 continuo
825 3017 973 3099 pugnus?

571 3116 737 3176 liutten.

212 3209 331 3293 Utique
350 3212 504 3288 haesisset,
524 3211 584 3275 uisi
604 3213 714 3275 Roma
734 3215 871 3280 dedisset
890 3218 1075 3280 molestiam.

538 3313 755 3377 Ernhold.

210 3406 347 3482 Mirum,
368 3408 401 3470 ni
419 3408 574 3477 statimne
594 3413 754 3495 perditum
772 3414 863 3477 ibunt
884 3416 948 3478 isti.

563 3512 740 3576 Hutten.

208 3605 322 3682 Ibunt,
352 3608 478 3692 jamque
504 3613 565 3673 lroc
584 3614 724 3677 sentiunt
743 3612 820 3691 ipsi,
852 3617 948 3676 multa
968 3633 1111 3695 semper,
1135 3626 1166 3676 et

132 3701 253 3788 ubique
273 3709 436 3773 audientes
465 3712 496 3773 in
525 3736 560 3776 se
580 3714 659 3791 dici,
694 3714 834 3794 quaedam
854 3713 949 3774 scribi
971 3715 1074 3775 etiam.
1115 3717 1167 3777 An

130 3824 197 3865 non
217 3806 329 3869 audisti
350 3809 400 3871 liic
419 3810 620 3893 divagantem
640 3835 742 3895 nuper
760 3813 949 3888 Vadiseum,
970 3835 1039 3895 quse
1055 3815 1167 3876 Romae

130 3903 210 3965 vidit
230 3909 457 3971 contumeliose
484 3912 652 3978 admodum
672 3915 857 3997 propalare,
890 3925 922 3976 et
941 3937 1091 3998 maguum
1113 3939 1168 3980 na-

128 4000 209 4066 tioni
228 4005 279 4068 isti
301 4007 410 4072 odium
431 4011 614 4076 concitare?

540 4114 751 4177 Ernhold

202 4200 310 4286 Ipsum
329 4207 455 4290 quidem
475 4234 542 4275 non
560 4213 685 4288 audivi,
714 4214 772 4277 sed
791 4216 928 4278 narravit
948 4214 1022 4278 mihi
1044 4216 1169 4300 Philip

126 4322 185 4382 pus
204 4306 333 4384 consul,
362 4329 432 4393 quar
452 4314 563 4377 solitus
589 4315 629 4378 sit
652 4334 746 4398 quant
764 4312 892 4378 fortiter
913 4315 1019 4400 loqui,
1047 4317 1163 4381 dcere·
