2632 5086
1059 39 1135 61 -

121 39 1135 331 --

136 314 190 343 ·'
479 322 489 345 ·.

667 363 673 377 ί

585 719 767 793 Praelnlio.
1133 728 1175 800 ll

169 909 217 974 Sic
232 909 307 972 euim
326 905 462 992 judico,
486 911 641 986 Stromer,
669 910 871 990 simpliciores
888 933 957 976 esse
974 931 1052 987 uos,
1085 933 1176 995 qnam

171 1011 347 1075 Aulieorum
371 1010 595 1071 consuetudini
613 1023 716 1090 aptum
736 1012 784 1073 sit.
823 1011 933 1094 ltaque
960 1013 1177 1089 gratulandum

170 1111 282 1174 iuterim
303 1110 404 1173 nobis
434 1108 583 1184 invicem,
615 1132 696 1191 (pros
722 1112 764 1172 ibi
792 1123 917 1172 exercet
941 1113 1088 1186 fortune,
1122 1112 1177 1173 ubi

142 1232 230 1277 ÷uou
249 1228 447 1293 mgnopere
469 1210 567 1269 nostri
586 1231 644 1271 uos
663 1217 755 1272 statiis
773 1211 876 1292 piget,
901 1210 960 1273 sub
979 1211 1031 1273 illo
1051 1211 1177 1288 seilicet,

167 1311 316 1385 omilium,
348 1330 433 1395 quos
450 1310 515 1369 hrec
533 1309 616 1370 natio
635 1312 726 1371 habet
745 1310 923 1390 Principes,
944 1311 1177 1392 benignissimo,

166 1409 453 1490 brunonissimoque
472 1416 598 1472 Alberto
621 1411 668 1484 l),
703 1410 968 1491 Archrepiscopo‚
1001 1411 1074 1492 qui,
1108 1431 1178 1472 eum

167 1511 297 1570 maximo
316 1509 473 1571 virtutum
492 1508 630 1569 omnium
651 1520 792 1569 tencatur
812 1510 934 1583 studio,
966 1521 997 1570 et
1013 1509 1177 1587 singularis

168 1609 310 1688 probitati
331 1607 453 1669 amicus
476 1607 530 1682 sit,
562 1607 709 1687 imprimis
731 1619 832 1668 minen
854 1609 1006 1669 bonerum
1024 1610 1178 1671 literarum

168 1709 281 1783 studia,
320 1729 501 1791 eorumque
529 1719 716 1789 essertores,
754 1719 936 1768 reverenter
968 1708 1116 1786 suscipit,
1148 1719 1179 1771 et

168 1808 254 1870 levet
269 1808 446 1871 liberaliter
465 1808 523 1883 ἰεῦ).
569 1809 646 1887 Quis
667 1808 750 1867 enim
770 1826 854 1867 nune
872 1820 958 1867 reete
975 1828 1032 1887 per
1052 1808 1180 1869 Germa-

169 1909 250 1970 niam
271 1904 416 1970 eruditus
438 1917 502 1981 est,
531 1926 624 1990 quem
642 1907 691 1969 ille
712 1927 776 1966 nou
799 1907 970 1986 agnoscat?
1004 1918 1180 1989 aulaque

170 2008 221 2068 tali
245 1992 381 2089 uuquam
401 2008 549 2068 salutatus
568 2019 631 2081 est,
665 2026 758 2089 quem
775 2027 839 2066 non
857 2008 944 2087 largo
963 2003 1180 2067 munificentie

173 2128 227 2169 sno
244 2108 346 2170 imbre
365 2105 602 2187 consperserit?
631 2107 737 2189 Atque
756 2117 790 2167 ut
815 2101 963 2167 sollicitus
987 2126 1089 2186 nuper
1107 2106 1179 2182 tuit,

171 2229 207 2268 uc
231 2207 312 2290 quid
341 2226 376 2269 se
411 2204 574 2286 indignum
606 2215 765 2286 pateretur
790 2202 894 2268 honus
931 2205 1100 2285 capnion?
1139 2204 1182 2267 Ut

169 2307 280 2387 cupide
310 2303 411 2367 literis
441 2306 480 2366 ad
514 2325 548 2366 se
577 2302 700 2364 vocavit
727 2313 920 2379 Erosium,
965 2302 1055 2383 eujus
1090 2306 1182 2369 etiam

171 2405 288 2467 nomini
302 2406 387 2466 solet
401 2404 604 2467 honorificam
619 2424 740 2483 semper
759 2402 972 2483 prelationem
984 2402 1182 2483 adjungere?

173 2505 271 2567 Etiam
288 2525 308 2564 a
324 2504 394 2579 ω’”*)
418 2503 509 2565 nobis
528 2503 639 2567 crebro
656 2513 874 2583 percontatur,
895 2524 936 2563 ex
955 2502 1047 2564 docte
1064 2504 1181 2581 doctis,

176 2605 248 2687 quid
273 2602 414 2688 quisque
436 2604 545 2679 faciat,
577 2597 653 2687 quid
671 2602 814 2684 patiatur.
853 2605 930 2681 Quae
949 2601 1082 2691 eum-tite
1098 2603 1183 2680 sint,

174 2717 202 2766 et
226 2704 360 2766 omnino
375 2703 505 2765 liberior
532 2703 570 2766 sit
595 2703 687 2770 uobis
704 2707 790 2777 aula,
824 2725 917 2785 (priam
939 2701 971 2764 in
999 2722 1060 2784 qim
1084 2702 1182 2767 libere

177 2802 292 2886 aliquid
309 2800 428 2883 jocari,
445 2803 620 2885 periculum
639 2802 694 2877 sit,
715 2824 789 2865 ecce
808 2801 865 2863 tibi
882 2802 1066 2883 Dialognm,
1086 2824 1183 2888 quem

176 2900 272 2983 jubeo
292 2902 417 2984 speculi
434 2900 503 2964 vice
524 2902 722 2984 propositum
738 2920 806 2981 esse
825 2901 930 2963 aulicis
954 2900 1028 2976 illis,
1057 2901 1091 2965 in
1116 2927 1182 2987 quo

176 3024 207 3065 te
223 3002 418 3065 inmensum
454 3003 640 3085 Quanquam
663 2999 809 3065 invidiam
826 3003 995 3079 deprecor;
1015 3003 1118 3063 lusum
1136 3014 1184 3065 est

177 3103 275 3178 enim,
298 3101 380 3180 joco
396 3102 546 3182 seriptum
569 3115 633 3176 est,
664 3124 704 3163 ne
724 3100 794 3181 quis
814 3112 932 3169 temere
953 3102 986 3161 in
1007 3099 1099 3185 ungis
1115 3121 1182 3165 mo·

176 3213 292 3265 rentur.
344 3200 429 3263 Tum
450 3203 574 3264 veniam
599 3212 735 3265 meretur
760 3198 932 3273 Miserius,
962 3198 1053 3262 tedio
1077 3201 1184 3263 aulice

176 3299 411 3363 consuetudini·
445 3300 655 3382 impatientius
685 3301 785 3375 sorte,
832 3320 925 3383 qriam
954 3320 1013 3379 pro
1042 3312 1184 3383 tempore

177 3401 327 3463 invectus.
373 3400 413 3463 lrl
436 3403 524 3483 quod
549 3423 608 3480 pro
631 3422 681 3464 me
707 3400 762 3461 illis
783 3400 918 3473 inculca,
952 3396 1062 3475 etjam
1086 3404 1182 3463 collo·

178 3512 325 3584 quentetu
339 3520 413 3563 cum
431 3501 585 3577 Metello,
607 3499 735 3562 Castum
754 3498 845 3560 audi!
869 3566 885 3601 n

481 3628 509 3685 p

210 3729 239 3795 ⁶)
255 3737 315 3783 nach
332 3728 435 3783 Albetto
452 3735 630 3785 ist-caretum
646 3737 862 3792 durelrgettrlolttn.
897 3729 942 3792 **)
958 3742 1071 3791 sesam
1090 3740 1184 3790 titum
1231 3718 1258 3757 ⁴⁹

215 3825 287 3869 tuere
305 3832 333 3866 ae
351 3820 484 3867 liberaliter
499 3812 577 3869 rome
612 3810 672 3877 m)
688 3822 772 3867 estam
789 3834 819 3867 a:
837 3822 868 3869 nt
886 3835 907 3871 a.

121 4404 127 4437 '
220 4422 291 4479 tlnte
312 4431 357 4489 op.
378 4432 404 4478 τ,
424 4429 465 4477 ut.
