2632 5086
214 794 288 869 2ll
496 789 556 861 De
581 789 733 887 Guajaci
757 789 937 862 medicina

212 983 374 1049 hominum
392 979 591 1062 expectatio,
618 1001 688 1063 qua·
707 979 835 1060 opinio,
855 983 946 1064 quod
963 978 1115 1061 judicium
1134 986 1237 1061 asset?

210 1094 245 1147 et
258 1103 325 1146 non
339 1083 432 1167 tacite
447 1080 630 1145 mussitabas
649 1090 754 1142 tecum
768 1079 838 1163 ipsc
853 1080 1064 1165 virgilianum
1082 1082 1158 1145 illud
1171 1070 1179 1142 Ξ

381 1193 475 1246 Feret
492 1190 559 1244 luec
577 1190 720 1262 aliquam
736 1188 795 1244 tibi
805 1189 908 1260 sama
919 1190 1073 1247 'salutem

213 1283 499 1366 sumptuoso,
519 1280 645 1364 fuitque
659 1300 725 1342 non
739 1279 842 1343 minus
860 1278 1036 1362 jactandum
1056 1282 1127 1358 tibi,
1149 1285 1238 1365 quod

211 1385 363 1458 videres,
395 1383 478 1446 haud
503 1380 636 1462 indigno
657 1382 732 1443 loco
763 1379 901 1461 positum
922 1392 1012 1445 tuum
1035 1383 1236 1458 beneficium,

212 1506 308 1571 quam
330 1474 405 1547 mihi
427 1482 613 1565 plausibile,
639 1481 729 1564 quod
752 1501 793 1542 ex
812 1481 862 1542 illa
881 1482 1040 1545 communi
1060 1483 1240 1572 studiorum

212 1585 392 1667 jactatione,
406 1595 508 1646 tutum
519 1593 550 1645 et
561 1584 725 1645 salutarem
735 1580 926 1644 invenissem
939 1583 1005 1645 otio
1016 1604 1087 1644 meo
1098 1595 1237 1663 portum.

212 1686 320 1770 Atque
342 1685 425 1747 inter
439 1694 562 1758 cetera,
583 1704 652 1766 qnae
669 1680 812 1744 familiari
827 1703 908 1763 saepe
922 1684 1012 1745 vultu
1028 1683 1155 1745 confers
1170 1699 1237 1745 me-

211 1805 300 1862 cum,
327 1785 409 1847 bene
429 1803 557 1864 sperare
571 1802 631 1846 nos
646 1780 756 1865 jubes,
785 1782 846 1843 hoe
860 1782 1061 1861 promittens,
1085 1794 1236 1864 ‹prantum

210 1884 246 1949 in
268 1896 301 1947 te
323 1885 379 1960 sit,
409 1882 559 1946 munitam
586 1884 666 1945 hane
692 1881 801 1955 nobis,
833 1883 873 1943 ad
895 1880 945 1956 id,
977 1904 1043 1965 qno
1068 1882 1237 1958 tendimus,

211 1985 297 2048 viam
315 2005 395 2047 esse.
435 1985 507 2064 Qua
525 1994 578 2042 tua
596 1980 696 2063 gratia
719 1981 836 2056 fretus,
868 2003 979 2043 ausum
998 1980 1058 2061 jam
1083 1992 1119 2042 ut
1140 1982 1238 2045 insul·

209 2091 278 2147 late
294 2082 451 2158 barbaris,
479 2083 523 2145 ita
544 2081 584 2144 ad
607 2102 658 2143 res
679 2081 902 2161 pulcherrimas
925 2083 1064 2145 excitare
1090 2085 1237 2165 aequales,

212 2193 245 2246 at
264 2182 391 2267 quotics
423 2182 525 2264 aliqua
545 2180 697 2242 incumbit
723 2181 922 2262 persecutio,
950 2183 992 2266 ad
1014 2195 1047 2245 te
1075 2185 1172 2247 veluti
1199 2187 1238 2248 ad

211 2300 380 2351 commune
412 2282 573 2362 quoddam
601 2279 760 2343 bonorum
795 2282 932 2359 asylum,
964 2304 1049 2346 roseo
1077 2307 1118 2347 ex
1145 2286 1237 2349 bortis

212 2381 367 2469 aliquem3
387 2384 449 2449 boc
471 2380 577 2462 magni
597 2381 708 2445 itertnu
728 2381 836 2443 Poetae
857 2382 1073 2465 ingeminans:

296 2494 368 2548 Huc
385 2491 512 2546 tandem
530 2491 676 2559 concede,
700 2489 766 2544 ltaec
786 2507 849 2545 ara
867 2486 1005 2546 tuebitur
1022 2503 1127 2550 ornares
1135 2518 1150 2560 ;

212 2592 321 2659 tanto,
343 2584 433 2665 quod
448 2581 609 2657 videmus,
628 2580 751 2655 fructu,
770 2592 806 2642 ut
819 2580 882 2662 jam
901 2585 1014 2644 multos
1035 2586 1107 2646 hinc
1126 2606 1239 2650 erexe-

210 2682 272 2746 rim
280 2725 290 2757 ‚
311 2680 465 2762 quosdam
477 2679 560 2742 illinc
571 2679 841 2761 impatientissimo
855 2704 915 2744 suo
929 2684 1056 2746 fremitu
1069 2685 1239 2765 abjecerim

210 2802 248 2848 aa
268 2782 489 2864 depresserint.
528 2784 579 2845 En
606 2794 637 2843 te
657 2804 757 2844 unum
775 2782 872 2865 igitur
897 2784 1047 2860 omnino,
1079 2795 1133 2847 aut
1151 2798 1236 2847 certe

209 2902 254 2946 ex
271 2880 467 2965 paucissimis
490 2903 607 2958 unum,
637 2883 690 2945 eui
716 2902 777 2964 ego
799 2883 931 2958 oculos,
964 2884 1015 2945 cui
1046 2885 1239 2949 intellectum

211 3005 282 3050 ease
313 2982 427 3046 dicam.
484 2982 581 3064 Quod
610 2982 651 3045 de
677 2994 709 3043 te
735 2981 894 3058 scribere,
931 2985 1007 3066 quia
1035 3005 1143 3068 neque
1177 3007 1237 3066 pro

210 3096 357 3166 tempore
386 3095 461 3160 est,
496 3096 591 3168 atque
618 3083 645 3145 is
674 3092 722 3147 est
746 3094 819 3144 tuus
846 3084 985 3158 candor,
1014 3095 1050 3146 ut
1069 3084 1239 3167 quamlibet

211 3185 307 3249 ctiam
331 3187 456 3248 laudem
478 3183 677 3263 immodicam
701 3181 884 3259 existimes,
914 3183 1005 3245 facile
1032 3185 1073 3247 ad
1100 3205 1237 3267 praesens

211 3286 426 3367 supersedeo,
447 3285 536 3367 quod
555 3282 647 3366 cap'ut
668 3294 716 3346 est
738 3283 896 3347 inculcans
914 3284 970 3346 tibi
990 3286 1052 3347 hoc
1068 3305 1238 3348 munuscu-

210 3384 277 3471 lum
293 3394 452 3466 gratanter
470 3394 506 3444 ut
522 3383 673 3464 accipiast
699 3383 786 3466 quod
801 3384 860 3447 etsi
875 3385 1028 3467 exignum
1044 3396 1108 3460 est,
1127 3385 1239 3447 tantia

211 3504 263 3549 ate
288 3485 325 3547 ttt
351 3494 475 3559 tamen,
509 3494 544 3544 ut
571 3505 721 3565 magnum
745 3483 823 3565 qnid
843 3485 1018 3564 perdidisse
1043 3506 1110 3561 me,
1147 3485 1238 3549 side

212 3586 313 3667 vulgo
333 3583 662 3646 amicorumdedicem
683 3584 716 3645 id
736 3584 846 3659 alicui,
866 3585 1009 3650 arbitrer.
1048 3588 1127 3649 Nam
1140 3608 1239 3670 quum

212 3704 280 3748 rem
295 3680 340 3746 ibi
355 3694 500 3758 tractem,
513 3703 585 3745 meo
601 3679 721 3763 judicio
738 3704 958 3766 permagnam,
981 3687 1117 3750 nonnisi
1132 3687 1238 3769 magui

213 3786 296 3849 illam
312 3783 374 3846 viri
397 3783 545 3863 auspiciis
567 3784 677 3867 egredi
702 3785 858 3847 volebam.
903 3788 956 3850 An
975 3809 1040 3850 non
1059 3791 1239 3868 praeclarum

213 3884 394 3949 existimare
415 3885 504 3961 licet,
525 3883 680 3968 quiequid
697 3886 730 3947 id
745 3898 808 3964 est,
831 3889 920 3971 quod
935 3909 1001 3951 non
1009 3888 1092 3949 mihi
1108 3900 1237 3964 tantum,

214 3986 272 4049 sed
297 3985 419 4069 aliquot
443 3996 597 4066 practerea
623 3984 775 4063 millibus,
806 4010 846 4051 ex
872 4010 992 4051 summa
1015 3988 1238 4070 desperatione

213 4086 408 4153 manifestam
420 4086 544 4167 peperit
556 4088 712 4150 salutem?
730 4087 799 4151 Nisi
815 4088 857 4151 ita
873 4089 1023 4157 colendus
1041 4100 1088 4148 est
1105 4089 1237 4164 anianus,

213 4198 250 4250 ut
270 4186 415 4268 corporis
439 4187 662 4251 adminiculum
684 4209 745 4270 pro
768 4189 914 4271 neglecto
933 4186 1058 4268 penitius
1075 4189 1238 4249 habeatur.

215 4272 259 4351 At
277 4288 330 4353 ille
347 4287 505 4372 Apollinis
527 4290 656 4352 oraculo
678 4285 802 4369 sapiens
820 4285 977 4366 judicatus
993 4288 1138 4350 Socrates
1155 4286 1237 4351 inter

215 4409 316 4471 pauca
347 4388 465 4454 bonam
505 4389 655 4472 corporis¹
689 4388 902 4453 habitudinem
938 4387 972 4449 in
1005 4399 1083 4452 voto
1120 4390 1239 4453 habuit.

216 4487 378 4570 Pyrrhus,
397 4490 586 4558 clarissimus
603 4490 808 4572 Epirotarum
824 4509 884 4555 rex
903 4486 988 4552 idem
1007 4488 1112 4555 aDiis
1130 4512 1240 4575 preca·
