2632 5086
327 743 375 817 ad
398 741 590 817 Albertum
614 738 774 840 Princip.
801 739 863 817 lib.
1037 748 1105 819 28l

81 938 158 1001 lium
180 945 318 1020 quatuor
340 946 411 998 aute
436 954 537 997 annos
563 944 654 997 tante
680 934 877 1011 autoritatis,
901 946 938 999 ut
958 933 989 999 ei
1006 934 1109 1017 publi·

82 1059 155 1101 cum
174 1034 435 1097 valetudinarium
461 1035 705 1111 decerneretur,
734 1034 919 1099 cedentibus
936 1034 967 1099 ci
985 1034 1110 1123 peritis·

82 1139 168 1203 simis
183 1137 227 1199 ibi
245 1136 384 1200 medicis.
414 1136 505 1199 lllum
525 1141 541 1198 a
556 1134 745 1200 doctissimis
761 1133 884 1210 Paria,
903 1135 959 1198 ubi
973 1135 1109 1201 maxone

81 1241 176 1304 iloret
195 1237 334 1301 studium
350 1238 431 1312 boc,
450 1257 571 1301 summa
588 1236 623 1297 in
641 1234 847 1299 admiratione
866 1235 1007 1299 habitum
1023 1237 1109 1313 olim,

82 1361 155 1402 eum
175 1338 249 1422 quia
270 1338 303 1399 in
321 1336 477 1399 medicina
496 1341 617 1400 constat
639 1356 709 1400 esse
732 1334 915 1420 egregium,
942 1346 1009 1401 tum
1026 1356 1108 1400 vero

83 1441 157 1524 quia
169 1460 242 1501 cum
255 1436 456 1519 professione
471 1437 521 1500 illa
531 1437 663 1517 optimas
676 1435 808 1500 mirilice
823 1434 1110 1519 conjunctasbnbet

83 1542 208 1614 literas,
227 1560 339 1600 rerum
351 1538 436 1603 haud
451 1547 498 1601 est
512 1536 562 1600 hic
579 1526 667 1605 locus
681 1535 935 1600 doctissimorum
946 1534 1110 1601 hominm

82 1642 260 1723 catalogum
286 1649 481 1714 contexere,
509 1637 567 1700 secl
586 1658 687 1701 meam
715 1639 756 1702 de
776 1636 919 1717 Guajaco
940 1637 1109 1718 experien-

82 1743 156 1805 tiam
175 1740 323 1803 mandare
342 1738 439 1803 literis
458 1738 650 1814 institutum,
668 1738 804 1819 proinde
822 1739 883 1800 boc
901 1738 974 1798 loco
988 1736 1108 1821 epilogi

82 1841 152 1905 vice
168 1852 296 1918 repeto,
311 1840 403 1902 valde
423 1837 546 1919 opinari
563 1860 632 1914 me,
652 1838 744 1903 nullis
757 1858 823 1902 non
843 1836 1022 1901 homiuibus
1037 1837 1109 1905 uli·

83 1942 140 2004 ubi
159 1940 315 2016 uati‚·aut
335 1939 453 2003 versati
471 1938 552 2016 sint,
577 1939 646 2021 pari
663 1939 818 2020 prodesse
838 1935 1031 2003 salubritate.

467 2164 693 2182 m

474 2326 585 2392 Carus
623 2325 716 2389 XIV.

213 2477 341 2571 Quod
376 2498 429 2549 eo
462 2486 636 2571 tempus
673 2474 968 2574 deligendum.

155 2647 235 2709 Esse
258 2657 362 2709 autem
378 2645 488 2708 melius
508 2654 611 2707 estate
635 2643 832 2708 curationem
852 2646 932 2708 hanc
953 2635 1107 2725 experiri,

83 2766 181 2829 quam
199 2746 334 2823 hyeme,
364 2743 411 2807 bis
434 2744 503 2807 lere
522 2744 625 2806 modis
644 2743 815 2826 colligitur.
853 2745 997 2809 Primum
1016 2738 1108 2826 quod

81 2856 116 2906 ut
137 2845 260 2905 Galeno
281 2842 422 2920 videtur,
440 2844 528 2908 succi
543 2865 584 2907 eo
603 2854 764 2925 tempore,
784 2855 853 2909 toto
873 2867 909 2908 se
929 2843 1108 2908 extendunt

81 2967 117 3007 ac
153 2944 335 3007 diffundunt
367 2932 525 3026 corpore,
565 2955 706 3029 euntque
736 2965 772 3009 ac
798 2946 962 3020 redeunt,
998 2943 1106 3025 itaque

78 3046 172 3108 facile
201 3046 326 3108 secerni
354 3067 374 3109 a
407 3044 501 3109 bonis
534 3044 720 3109 humoribus
750 3044 934 3127 pestilentes
959 3051 1105 3124 possunt,

78 3164 175 3230 atque
200 3144 242 3207 ita
268 3143 301 3207 bi
328 3144 445 3227 expelli
470 3156 503 3207 et
529 3144 686 3228 ablegari,
715 3144 857 3210 salubres
877 3152 1008 3235 verobet
1026 3138 1108 3203 boni

77 3244 242 3309 vindicari.
294 3242 422 3309 Deinde
448 3242 524 3328 quia
548 3244 619 3309 fieri
643 3246 702 3309 bac
728 3245 853 3309 ratione
886 3253 1034 3327 putatur,
1069 3250 1107 3303 ut

79 3347 181 3410 morbi
205 3349 319 3427 hyeme
348 3366 459 3412 omnes
486 3346 578 3410 altius
604 3344 727 3409 radices
751 3355 865 3429 agant,
902 3365 939 3406 ac
963 3340 1105 3408 tenacior

80 3450 234 3522 haereant,
257 3456 362 3511 astate
383 3456 493 3510 contra
512 3449 661 3512 humores
680 3444 713 3509 in
731 3457 821 3510 motu
840 3443 917 3520 sint,
938 3455 970 3507 ct
988 3462 1105 3525 corpus

81 3545 317 3609 commutationi
337 3545 515 3610 obnoxium
532 3548 719 3630 plurimum,
744 3547 802 3609 sed
821 3546 886 3608 baec
905 3544 937 3607 in
958 3542 1105 3613 oranius

80 3643 254 3709 universim
278 3645 513 3725 curationibus,
546 3646 833 3712 considerationem
857 3645 994 3721 habent,
1034 3666 1105 3729 qnia

79 3765 159 3808 vero
188 3745 228 3808 ad
256 3744 388 3826 Grrajaci
419 3747 594 3811 remedium
623 3747 778 3831 sigillatim
807 3745 989 3827 pertinent,
1029 3743 1106 3827 quia

76 3844 156 3907 inibi
184 3866 331 3928 magnum
356 3852 374 3910 a
399 3845 483 3909 lame
515 3858 547 3910 et
579 3850 680 3911 victm
708 3846 862 3913 tenuitate
889 3843 1106 3925 adjumentum

75 3944 206 4026 petitur.
256 3944 294 4009 ln
321 3958 442 4029 partem
469 3946 599 4032 quidem
624 3968 719 4011 uuam
742 3959 847 4011 aestate
878 3947 978 4029 magis
1008 3964 1104 4029 quam

74 4048 191 4125 hyeme
209 4047 383 4128 provenire
403 4068 489 4125 eam,
505 4060 697 4130 argumento
718 4058 784 4125 est,
804 4047 893 4132 quod
912 4056 988 4108 tuoe
1003 4043 1104 4129 magis

75 4146 252 4211 tumescere
276 4146 450 4225 convenit,
482 4168 599 4229 corpus
619 4148 739 4232 alioqui
756 4148 886 4213 fervens
905 4156 939 4208 et
957 4156 1102 4225 samana,
1122 4182 1125 4187 >

73 4246 101 4310 si
128 4247 203 4312 cibo
231 4248 365 4328 insuper
390 4259 559 4325 oneretur,
585 4253 619 4312 in
637 4248 768 4312 morbos
784 4246 878 4311 facilc
899 4246 1103 4317 dissolvatur.

72 4347 135 4410 Vel
151 4348 249 4432 igitru
269 4349 347 4429 quia
362 4359 398 4410 ut
408 4349 619 4433 Hippocrates
631 4347 755 4424 scribit,
775 4346 900 4413 intimas
914 4346 999 4410 intus
1014 4350 1101 4411 calor
