2632 5086
305 39 1223 351 -

150 756 221 832 tes
409 755 515 832 Trius
539 753 707 828 Romane
728 751 918 854 Dialogus.

579 962 750 1026 Hutten.

229 1063 281 1128 Ob
302 1065 419 1147 quam?

575 1178 763 1265 Ernbold.

227 1293 350 1374 Nempe
375 1286 464 1370 quod
484 1304 595 1347 aurum
623 1280 738 1344 hebent
757 1282 937 1344 sacerdotes
956 1284 1047 1365 istic,
1085 1285 1181 1371 eique

154 1395 284 1459 student
300 1390 399 1474 magis
419 1384 553 1470 cupide,
579 1402 675 1466 quem
694 1380 770 1462 ipsis
791 1403 880 1462 pune
899 1387 1001 1448 sacris

98 1546 103 1563 τ
580 1500 745 1561 Hutten.

96 1582 132 1665 ψ
225 1613 294 1674 Hac
314 1609 436 1672 ratione
456 1615 591 1663 vestram
608 1599 869 1661 Francosurdiam
887 1603 1035 1666 dixissem
1053 1603 1181 1675 erucem

150 1712 337 1794 potissime,
375 1702 430 1768 ubi
463 1712 495 1764 et
523 1722 600 1762 auro
628 1699 743 1761 affatim
768 1700 927 1764 abundant
951 1705 1116 1784 hominos,
1149 1726 1181 1774 er

149 1814 218 1877 auri
254 1810 382 1893 negotia
416 1815 610 1877 tractantur,
641 1814 679 1864 ut
706 1800 760 1862 vix
790 1801 884 1866 alibi.
917 1805 1106 1870 adeuntibus
1139 1831 1177 1871 ex

148 1912 266 1976 ultimis
293 1909 380 1974 orbis
410 1904 616 1988 regionibus,
648 1901 704 1984 qui
724 1913 850 1975 emunt,
882 1915 914 1964 ot
933 1907 1097 1984 vendunt3
1124 1911 1178 1972 uhi

152 2033 263 2075 aurum
293 2029 386 2073 suum
413 2008 578 2086 deponunt
606 2013 817 2075 mercatores;
851 2003 906 2065 ubi
937 2025 1060 2069 mensas
1094 2010 1179 2094 fug.

150 2112 245 2196 geri,
283 2122 314 2171 ct
349 2105 554 2190 pecuniarum
582 2104 663 2167 adeo
695 2120 817 2196 montes
851 2106 975 2170 babent.
1023 2109 1089 2171 Sed
1117 2133 1179 2194 ego

150 2230 276 2274 auream
302 2209 393 2276 dico,
425 2223 457 2270 ut
483 2207 619 2270 solemus
643 2224 694 2266 res
714 2205 878 2286 egregias,
909 2218 941 2267 et
959 2206 1066 2291 siquid
1087 2213 1179 2276 nobis

148 2311 284 2381 maxime
306 2309 441 2383 arridet,
471 2317 633 2370 uteorum
657 2303 714 2378 sit,
741 2316 772 2365 et
799 2300 940 2387 impense
960 2310 1091 2388 placeat.

574 2422 765 2485 Ernhold.

230 2526 447 2612 Quamobrem
465 2543 533 2585 non
551 2541 725 2605 gemmeum
743 2523 840 2604 igitur
859 2523 966 2588 dicere
985 2516 1143 2597 voluisti?

583 2642 766 2703 Huttem

225 2759 310 2842 Quia
342 2755 491 2823 veniebat
518 2755 553 2822 in
582 2773 720 2820 mentem
754 2756 850 2831 illud,
887 2778 1080 2843 quamquam
1110 2785 1178 2828 non

149 2858 247 2923 debes
265 2857 416 2941 ignorare
436 2855 560 2919 interim
579 2855 711 2940 antique
728 2857 905 2938 jactationis
922 2878 992 2921 esse
1011 2861 1091 2938 hoe,
1112 2885 1179 2928 non

149 2980 255 3027 meum
286 2977 431 3031 novum,
466 2958 732 3040 quemadmodum
767 2971 798 3022 et
819 2956 971 3033 Colonia,
999 2960 1080 3023 felix
1103 2965 1180 3030 olim

150 3047 283 3136 uocata,
316 3058 476 3124 mordicus
495 3058 598 3126 adhuc
616 3058 731 3122 retinet
755 3081 822 3120 eam
843 3060 1095 3142 appellationem.

571 3175 763 3237 Ernbold.

230 3291 411 3353 Referunt.
439 3290 562 3354 Verum
581 3292 665 3354 baud
685 3302 716 3355 te
734 3283 818 3374 fagit
829 3293 993 3378 antiquum
1014 3315 1087 3362 esse
1105 3295 1182 3363 item

98 3478 103 3489 .
148 3394 231 3457 hoe:
265 3389 434 3473 Moguntie
455 3388 644 3475 abantiquo
666 3413 813 3477 nequam.

584 3508 754 3571 Hutten.

228 3619 358 3686 Locum
375 3641 439 3704 ego
458 3625 663 3700 commendo,
691 3627 732 3688 de
752 3627 931 3691 hominibus
951 3651 1018 3693 non
1036 3623 1183 3714 disputo,

150 3736 345 3807 quamquam
372 3743 438 3783 non
466 3721 559 3784 habet
586 3745 678 3787 suum
704 3747 786 3789 nunc
812 3731 965 3810 populum
992 3731 1069 3794 urbs
1095 3734 1182 3810 baer,

150 3841 257 3912 neque
277 3818 425 3903 suijuris
449 3832 514 3899 est,
540 3823 618 3907 quin
638 3824 734 3891 immo
753 3841 844 3895 vetus
864 3832 940 3896 nihil
959 3832 1063 3897 babet.

566 3943 764 4008 Ernhold.

226 4039 327 4121 igitur
356 4037 513 4104 mittamus
540 4058 672 4122 vetera,
706 4058 743 4112 tu
769 4046 822 4113 dio
849 4059 963 4127 autom,
995 4049 1075 4113 novi
1102 4048 1186 4134 quid

153 4139 258 4204 adfers
280 4137 374 4216 inde,
395 4151 427 4203 et
444 4138 601 4223 jucundi?

575 4258 680 4324 Hutt
738 4307 746 4326 .

226 4356 313 4419 Novi
333 4357 463 4421 omnino
484 4359 622 4445 ulirpridt
642 4283 786 4429 scribon
806 4368 938 4452 perinde
957 4366 1103 4445 iuermdi.
