2632 5086
55 33 1205 401 stl
1213 84 1218 89 Ι
1243 34 1308 82 :⁶17¹

784 134 788 141 ι
935 124 953 145 u

316 835 372 910 Ad
395 835 423 906 F
425 832 626 908 ridericum
650 834 729 908 Sex.
764 832 859 908 Duc.
882 833 988 932 epist.
1089 840 1160 913 603

140 1031 197 1091 sed
224 1029 387 1092 materiam
416 1027 487 1091 lieri
511 1029 614 1091 adbuc
637 1047 826 1110 magnorum
850 1026 972 1091 inllnrte
998 1029 1161 1093 malorum.

139 1130 251 1211 ltaque
271 1129 298 1190 si
319 1128 535 1209 philosophari
551 1129 642 1202 libet,
664 1129 706 1190 ob
726 1128 825 1210 idque
840 1126 1005 1208 pecuniam
1025 1128 1162 1210 abjicere

140 1230 303 1292 decretum
323 1240 384 1304 est,
410 1220 517 1310 patent
538 1240 585 1289 tot
604 1229 639 1289 iu
658 1228 841 1312 propinquo
864 1229 979 1291 maria:
1006 1242 1085 1292 'surrt
1103 1232 1161 1294 llu-

140 1331 202 1392 vii:
228 1332 279 1392 ille
304 1331 391 1409 apud
416 1351 475 1391 nos
504 1330 688 1409 llloganus,
715 1331 795 1390 ultra
815 1330 968 1404 Rhenus,
1000 1342 1074 1393 tuus
1093 1330 1163 1394 istic

141 1432 248 1506 Albis,
269 1444 364 1514 atque
381 1429 442 1491 alii.
481 1429 687 1515 Demittamus
707 1450 768 1505 eo,
795 1442 831 1492 ut
850 1433 1001 1512 perdatur
1019 1434 1086 1512 ipsa
1105 1453 1163 1512 po·

142 1532 224 1606 tius,
257 1528 351 1614 quanr
379 1529 566 1611 perditionis
596 1550 690 1592 causa
716 1534 754 1592 sit
784 1530 906 1613 ubique
936 1534 1059 1593 multis:
1088 1520 1163 1595 dum
1220 1583 1223 1589 .
1304 1576 1307 1581 -

140 1631 230 1695 istam
250 1631 405 1712 pascimus
428 1629 653 1711 turpitudinem
672 1632 802 1705 Roma,
821 1632 981 1710 superflue
1001 1634 1102 1705 adeo,
1124 1644 1160 1695 ut

141 1735 204 1797 huc
223 1732 366 1793 nonnihil
386 1729 460 1792 inde
479 1730 650 1793 redundet:
679 1732 754 1792 (turn
772 1734 851 1805 lianc
876 1712 983 1792 alimus
1008 1730 1164 1809 publicam

142 1854 267 1895 morum
295 1842 434 1911 pestem,
465 1833 545 1892 hanc
571 1829 632 1911 ipsi
661 1831 808 1893 fovemus
836 1830 906 1891 vitae
933 1831 1164 1912 contagionem.

144 1932 207 1992 Sed
227 1952 292 1991 non
313 1929 512 2005 abjiciemus,
533 1941 652 1993 tantum
671 1930 833 1993 transferri
852 1930 912 1994 alio
931 1951 998 1993 non
1017 1932 1161 1995 sinamus.

142 2032 218 2092 Haec
238 2033 334 2113 prima
355 2043 387 2092 et
406 2031 522 2110 optima
541 2043 589 2093 est
601 2031 796 2094 ‹tesrruendae
816 2031 896 2093 illius
917 2032 1089 2110 tyrannidis
1102 2032 1164 2108 via,

142 2130 193 2192 hic
212 2130 336 2192 modus.
380 2129 478 2194 Certe
498 2131 582 2194 enim
601 2132 758 2194 subducto
777 2133 839 2193 hoe
855 2133 988 2193 luxuriae
1011 2132 1164 2210 ionrento,

141 2230 243 2293 miuus
269 2253 304 2292 se
333 2232 486 2306 efferent,
511 2231 734 2294 tractabiliores
759 2230 873 2309 passim
899 2243 1002 2295 erunt.
1049 2234 1165 2297 Postea

140 2331 223 2393 duce
249 2330 356 2413 aliquo
385 2333 513 2393 Othone
540 2331 625 2392 illum
651 2330 849 2393 censebimus
871 2343 1029 2407 senatum,
1054 2334 1166 2398 urbem

141 2431 275 2493 Ronraur
294 2430 514 2511 lustrabimus,
543 2441 575 2492 et
595 2429 703 2510 ejectis
726 2434 811 2493 malis
832 2431 1061 2513 compluribus,
1089 2453 1167 2514 pau·

140 2550 196 2594 cos
217 2532 372 2614 quosdam
392 2552 447 2593 sua
467 2530 528 2591 illic
555 2550 641 2590 sacra
662 2547 790 2597 curare,
801 2528 1002 2608 jubebimus,
1031 2552 1166 2612 regnare

141 2651 208 2692 non
231 2632 458 2709 permittemus.
495 2627 561 2707 lpsi
580 2627 782 2704 imperatori,
801 2627 959 2711 siquidem
977 2651 1047 2693 csse
1068 2633 1167 2707 volet,

142 2728 266 2807 imperii
300 2730 408 2790 sedeur
442 2727 634 2788 reddemus:
682 2729 860 2791 Romanum
890 2729 1095 2810 pontificem,
1131 2741 1168 2794 ut

144 2810 301 2911 equalitas
328 2827 553 2907 episcoporum
577 2825 638 2900 sit,
665 2826 698 2886 in
712 2828 863 2919 'ordinem
880 2830 1072 2911 redigemus.
1112 2831 1168 2894 Sa·

143 2930 310 2991 cerdotum
330 2926 423 2990 etiam
441 2927 491 2989 hie
518 2946 647 2990 censum
673 2925 865 3002 muniemus,
892 2930 977 3008 ipsos
998 2932 1037 2993 ad
1058 2932 1169 3014 fruga-

143 3028 260 3091 litatem
293 3018 503 3107 perducemus
536 3038 569 3089 et
604 3023 768 3108 pauciores
796 3025 967 3102 sacremus,
994 3031 1166 3093 cerrtcsimo

144 3149 274 3210 quoque
286 3129 420 3190 delecto.
460 3127 509 3189 De
522 3126 558 3188 iis
571 3147 667 3201 vero,
688 3125 744 3208 qui
762 3123 877 3189 fratres
891 3138 1065 3202 vocantur,
1089 3128 1171 3211 quid·

144 3220 345 3292 statuemus?
382 3227 469 3307 Quid
495 3226 580 3289 eslim
599 3225 702 3300 aliud,
729 3245 824 3307 quam
846 3227 935 3309 quod
955 3247 1165 3308 egoceuseo‚
1265 3256 1268 3261 ’

145 3329 335 3392 abolendum
374 3348 468 3389 ornue
493 3328 719 3389 morrachorum
746 3342 859 3408 genus.
912 3327 1009 3407 Quod
1028 3326 1170 3408 ignorari

145 3442 216 3490 nou·
232 3428 340 3504 debet,
361 3426 387 3488 si
402 3430 601 3508 'fiat,·quam
620 3424 661 3486 sit
680 3425 773 3499 utile,
793 3446 952 3510 quamque
971 3425 1169 3491 [ructuosunt

146 3526 325 3607 reipublicae
345 3526 530 3591 Christiana
548 3525 702 3588 futurum.
738 3525 878 3590 Primum
892 3526 976 3588 enirn
989 3526 1105 3589 coactis
1121 3537 1170 3589 tot

147 3625 257 3700 sectis,
285 3637 332 3687 tot
351 3626 523 3690 conciliatis
536 3625 684 3701 fruticem
710 3624 963 3700 diversitatibus,
996 3627 1095 3690 ablata
1120 3626 1169 3690 vi·

147 3725 245 3787 vendi
264 3725 535 3802 dissimilitudine,
563 3725 709 3790 intestina
727 3725 867 3788 simultas
887 3726 1039 3800 cessabit,
1065 3746 1168 3807 pravas

148 3824 351 3888 aemulationis
371 3846 465 3890 causa
483 3848 548 3889 non
569 3826 645 3903 erit,
678 3845 784 3908 neque
804 3825 929 3887 irrvidiae
947 3827 1074 3890 materia
1093 3850 1169 3909 sup·

146 3936 242 4005 petet.
282 3928 400 3988 Omnes
426 3926 459 3987 iu
479 3925 607 3990 Christo
634 3948 728 3989 unuru
758 3926 886 3989 erimus.
927 3926 1025 3989 Stabit
1045 3926 1181 4006 publica¹

146 4025 334 4101 corrcordia,
354 4046 390 4087 ac
408 4029 564 4091 internos
582 4046 691 4089 omues
707 4025 958 4107 conjungemur,
978 4045 1013 4088 ut
1028 4026 1168 4089 exterius

147 4124 326 4189 differamus
350 4118 390 4189 ab
415 4127 490 4191 aliis.
536 4129 639 4190 Nemo
659 4146 732 4191 tuuc
750 4125 852 4191 mollis
870 4137 903 4188 et
921 4127 1088 4199 delicatus,
1117 4129 1168 4189 vel

147 4249 259 4291 avarus
288 4228 327 4290 ad
361 4226 559 4305 sacerdotia,
593 4241 629 4290 ut
654 4247 760 4296 nunc„
791 4224 971 4306 adspirebit.
1009 4224 1109 4288 Probi
1136 4231 1169 4286 et

149 4327 252 4402 docti,
281 4329 336 4410 qui
362 4328 432 4390 vitae
456 4328 585 4413 quidem
605 4329 752 4408 exeruplo
771 4325 917 4401 meliores
938 4325 1015 4388 alios
1035 4324 1167 4400 iaciant,

149 4426 291 4489 cloctrina
310 4450 389 4492 vero
403 4431 516 4492 multos
532 4429 695 4499 erudiant,
717 4427 776 4508 ipsi
793 4422 1000 4497 arbassentur.
1039 4424 1166 4490 Deinde
