2632 5086
349 701 454 776 Trias
478 701 646 775 Romana
670 699 859 801 Dialogus.
1043 703 1118 852 4ῠί

522 895 692 958 Huttem

171 999 221 1061 Ah
242 997 340 1060 ordo!
372 996 462 1079 quasi
482 995 612 1057 veroin
632 996 684 1057 tati
708 996 913 1074 perversitate
933 997 1015 1061 ordo
1035 996 1118 1076 insit,

93 1096 155 1159 nisi
174 1100 267 1180 (prod
288 1120 338 1160 me
365 1101 497 1178 primum
517 1108 626 1159 movet
652 1098 758 1160 dicere
784 1118 860 1171 eos,
889 1121 959 1182 quae
984 1099 1119 1178 patimur

94 1201 179 1259 nulla
205 1211 311 1261 nostra
342 1220 414 1259 cunr
446 1196 559 1278 injuria
592 1198 683 1272 fieri,
719 1200 911 1261 concordata
942 1199 1119 1280 principum

94 1301 300 1378 appellantes,
325 1321 394 1380 quc
416 1282 516 1372 bulla,
544 1299 570 1360 si
590 1310 626 1359 ut
646 1301 759 1378 scripta
785 1311 849 1374 est,
879 1298 918 1361 ita
937 1300 977 1362 ab
995 1300 1041 1362 cis
1062 1299 1118 1360 ob·

94 1410 276 1461 servaretur
296 1400 403 1473 etiam,
429 1410 531 1460 tamen
550 1402 666 1461 nullum
685 1401 858 1479 putandum
877 1412 961 1463 esset
978 1406 1033 1462 'aut
1049 1419 1120 1483 grn-

94 1500 184 1573 vius,
216 1511 269 1560 aut
293 1501 477 1580 pudendum
504 1501 603 1581 magis
624 1501 743 1580 imponi
768 1498 879 1582 jugum
900 1500 993 1562 nobis
1012 1520 1120 1580 posse,

95 1620 180 1663 nunc
205 1621 278 1660 curn
304 1610 391 1660 extra
414 1599 506 1660 etiarn
533 1600 703 1682 inirpritatis
728 1601 808 1663 illius
833 1599 945 1663 limites
968 1599 1121 1681 progredi

94 1719 151 1758 eos
172 1699 352 1771 videamus,
373 1720 467 1778 qricm
483 1699 620 1762 dicemus
638 1702 765 1762 modum
780 1701 885 1762 inesse
898 1703 1009 1763 sceleri
1024 1698 1120 1762 huic?

95 1798 151 1858 ubi
171 1808 383 1860 constaturam
410 1801 489 1860 hanc
509 1799 723 1863 arbitrandum
742 1813 789 1863 est
809 1800 989 1862 licentiam?

499 1903 615 1963 Eruh
628 1903 710 1963 old.

175 1998 328 2062 Profecto
357 1999 479 2082 indigni
497 2001 628 2063 fuerunt
648 2002 776 2063 nomine
795 1986 972 2078 Germano,
1004 2001 1123 2063 nedum
1219 2084 1223 2091 Ι

96 2098 241 2179 principe
257 2099 308 2160 hic
325 2101 464 2175 honore,
486 2102 541 2184 qui
556 2103 648 2181 primi
664 2124 736 2164 cum
746 2098 898 2164 Romanis
919 2101 1121 2183 pontificibus

97 2199 276 2262 discordem
296 2202 374 2261 hanc
395 2201 533 2264 inierunt
548 2203 769 2277 concordiam,
790 2213 913 2266 noster
932 2202 1032 2276 stulti,
1054 2200 1122 2284 qui,

86 2298 233 2375 majores
264 2302 364 2363 nostri
395 2304 489 2383 quod,
509 2314 712 2376 erraverunt,
747 2305 909 2379 corrigere
929 2323 1001 2365 cum
1019 2302 1123 2380 posei-

94 2420 184 2474 mus,
206 2402 408 2463 incommodo
421 2414 531 2462 nostro
543 2425 666 2465 summo
679 2404 763 2478 vivi,
782 2404 944 2476 volentes,
963 2402 1123 2464 ridentes·

96 2521 161 2581 qne
179 2501 222 2561 ita
243 2502 374 2575 inimus,
395 2513 430 2563 ut
449 2501 595 2579 injuriam
615 2504 716 2565 adhuc
734 2503 845 2585 augeri
865 2502 1009 2586 qnotidie
1024 2501 1122 2582 patiu-

96 2622 177 2664 mur.
220 2603 282 2661 Sed
304 2612 368 2661 arte
387 2602 447 2662 huc
467 2622 524 2662 eos
545 2604 694 2685 quadam,
723 2624 790 2666 non
817 2605 866 2680 vi,
897 2615 951 2666 aut
971 2599 1123 2665 violenti·

96 2702 259 2783 ingressos
280 2700 415 2780 primum
435 2701 613 2765 existimare
632 2704 713 2766 licet.

528 2802 695 2866 Hutten.

184 2901 226 2963 Ut
253 2901 345 2975 dicis;
377 2922 449 2964 nam
481 2903 580 2983 prima
606 2903 732 2966 saliendi
758 2902 823 2977 via,
857 2900 998 2965 simulata
1023 2899 1122 2979 pietat

95 3001 195 3065 fuisse.
221 3002 362 3077 videtur,
388 3005 635 3084 protendebant
667 3001 805 3064 ecclesie
825 3001 976 3061 unitatem
994 3018 1125 3061 couscr-

96 3103 162 3164 rari
183 3115 353 3183 oportere,
375 3114 469 3185 atque
487 3103 585 3187 igitur
605 3105 644 3167 ud
654 3105 834 3166 Romanum
843 3098 1125 3178 huncouumepis·

96 3223 211 3283 copum
238 3224 388 3266 summam
416 3225 523 3266 rerum
548 3207 776 3276 derolrerunt,
810 3212 842 3261 et
871 3198 1124 3281 episcopiorum,

97 3323 132 3363 uc
163 3304 341 3382 principum
368 3305 452 3385 apud
481 3326 540 3367 nos
567 3302 785 3377 ecclesiarum,
830 3300 988 3384 siquidem
1013 3299 1124 3362 Romu

96 3404 229 3466 mortuis
259 3406 417 3487 episcopis
449 3427 562 3469 vacare
587 3426 624 3469 ea
648 3402 836 3487 contigerit,
869 3402 1059 3463 locutionem
1083 3400 1125 3462 ud

98 3522 171 3562 cum
190 3517 431 3583 pertraxerunt,
460 3508 507 3571 sin
529 3530 607 3570 vero
626 3509 693 3579 hic,
714 3502 1002 3577 confirmationem,
1026 3495 1124 3583 gratie

98 3604 250 3682 primum,
269 3619 342 3683 post
356 3606 417 3669 illic
435 3610 642 3687 pensionum,
661 3607 825 3690 palliorum
839 3602 889 3664 hic
905 3601 1038 3685 pretium
1053 3622 1125 3681 cap·

98 3715 198 3766 tontes
228 3717 260 3765 et
289 3717 450 3788 utrunque
480 3711 625 3788 paulatim
651 3708 873 3779 obtinuerunt,
905 3703 1041 3784 primum
1069 3698 1125 3793 vili

97 3807 179 3865 adeo
199 3805 342 3883 imposita
356 3809 508 3887 pecunia,
528 3823 563 3872 ut
577 3808 735 3873 contemni
747 3826 785 3867 on
795 3817 987 3880 mereretur,
1008 3803 1125 3865 exinde

95 3905 194 3988 magis
215 3928 249 3966 ac
270 3907 367 3985 magis
389 3920 494 3986 aucta,
520 3913 554 3974 in
573 3923 710 3984 tantum,
739 3917 774 3969 ut
792 3904 1005 3985 multipliciter
1023 3904 1125 3967 incre·

93 4008 201 4095 yerint
222 4004 284 4087 jam
304 4009 420 4071 omnia.
779 4046 791 4077 ο

500 4096 711 4176 Ernhcitd.

170 4210 244 4291 Quo
264 4213 384 4275 scelere
404 4213 539 4294 duplici,
559 4234 654 4299 quam
673 4210 762 4289 olim,
777 4206 882 4292 pretio
891 4206 981 4271 venit
999 4205 1126 4287 pellium

98 4307 336 4387 Moguntiuum.
385 4342 388 4349 ·
