<?xml version="1.0" encoding="UTF-8"?>
<!DOCTYPE html PUBLIC "-//W3C//DTD XHTML 1.0 Transitional//EN"
    "http://www.w3.org/TR/xhtml1/DTD/xhtml1-transitional.dtd">
<html xmlns="http://www.w3.org/1999/xhtml" xml:lang="en" lang="en">
 <head>
  <title>
</title>
<meta http-equiv="Content-Type" content="text/html;charset=utf-8" />
  <meta name='ocr-system' content='tesseract 3.04.00' />
  <meta name='ocr-capabilities' content='ocr_page ocr_carea ocr_par ocr_line ocrx_word'/>
</head>
<body>
  <div class='ocr_page' id='page_1' title='image "./ulrichiabhutten02mngoog_0498.png"; bbox 0 0 2632 5086; ppageno 0'>
   <div class='ocr_carea' id='block_1_1' title="bbox 196 697 961 803">
    <p class='ocr_par' dir='ltr' id='par_1_1' title="bbox 196 697 961 803">
     <span class='ocr_line' id='line_1_1' title="bbox 196 697 961 803; baseline -0.016 -18"><span class='ocrx_word' id='word_1_1' title='bbox 196 709 281 785; x_wconf 76' lang='lat' dir='ltr'><strong>tte·</strong></span> <span class='ocrx_word' id='word_1_2' title='bbox 450 700 557 783; x_wconf 70' lang='lat' dir='ltr'><strong>Tria</strong></span> <span class='ocrx_word' id='word_1_3' title='bbox 581 702 751 780; x_wconf 85' lang='lat' dir='ltr'><strong>Romano</strong></span> <span class='ocrx_word' id='word_1_4' title='bbox 771 697 961 803; x_wconf 71' lang='lat' dir='ltr'><strong>Dialogus</strong></span> 
     </span>
    </p>
   </div>
   <div class='ocr_carea' id='block_1_2' title="bbox 184 894 1284 4392">
    <p class='ocr_par' dir='ltr' id='par_1_2' title="bbox 184 894 1284 4392">
     <span class='ocr_line' id='line_1_2' title="bbox 612 894 804 962; baseline -0.021 0"><span class='ocrx_word' id='word_1_5' title='bbox 612 894 804 962; x_wconf 74' lang='lat' dir='ltr'><strong>Ernbold.</strong></span> 
     </span>
     <span class='ocr_line' id='line_1_3' title="bbox 274 990 1284 1078; baseline -0.01 -14"><span class='ocrx_word' id='word_1_6' title='bbox 274 1000 343 1064; x_wconf 85' lang='lat' dir='ltr'><strong>Nos</strong></span> <span class='ocrx_word' id='word_1_7' title='bbox 363 998 502 1063; x_wconf 84' lang='lat' dir='ltr'><strong>dicamus</strong></span> <span class='ocrx_word' id='word_1_8' title='bbox 523 1008 647 1071; x_wconf 86' lang='lat' dir='ltr'><strong>tamen,</strong></span> <span class='ocrx_word' id='word_1_9' title='bbox 674 1006 706 1060; x_wconf 93' lang='lat' dir='ltr'><strong>et</strong></span> <span class='ocrx_word' id='word_1_10' title='bbox 725 995 884 1078; x_wconf 88' lang='lat' dir='ltr'><strong>quianon</strong></span> <span class='ocrx_word' id='word_1_11' title='bbox 905 1002 1096 1069; x_wconf 82' lang='lat' dir='ltr'><strong>moveotm,</strong></span> <span class='ocrx_word' id='word_1_12' title='bbox 1121 990 1230 1072; x_wconf 83' lang='lat' dir='ltr'><strong>siper</strong></span> <span class='ocrx_word' id='word_1_13' title='bbox 1282 1063 1284 1067; x_wconf 11' lang='lat'><strong>¹</strong></span> 
     </span>
     <span class='ocr_line' id='line_1_4' title="bbox 200 1092 1230 1176; baseline -0.01 -12"><span class='ocrx_word' id='word_1_14' title='bbox 200 1100 336 1164; x_wconf 85' lang='lat' dir='ltr'><strong>officium</strong></span> <span class='ocrx_word' id='word_1_15' title='bbox 362 1098 498 1161; x_wconf 85' lang='lat' dir='ltr'><strong>caritatis</strong></span> <span class='ocrx_word' id='word_1_16' title='bbox 524 1098 599 1176; x_wconf 90' lang='lat' dir='ltr'><strong>pie,</strong></span> <span class='ocrx_word' id='word_1_17' title='bbox 633 1107 665 1158; x_wconf 88' lang='lat' dir='ltr'><strong>et</strong></span> <span class='ocrx_word' id='word_1_18' title='bbox 692 1093 832 1161; x_wconf 72' lang='lat' dir='ltr'><strong>staterae</strong></span> <span class='ocrx_word' id='word_1_19' title='bbox 858 1112 1064 1171; x_wconf 80' lang='lat' dir='ltr'><strong>moneamus,</strong></span> <span class='ocrx_word' id='word_1_20' title='bbox 1099 1092 1230 1155; x_wconf 86' lang='lat' dir='ltr'><strong>taudem</strong></span> 
     </span>
     <span class='ocr_line' id='line_1_5' title="bbox 199 1193 946 1288; baseline -0.007 -26"><span class='ocrx_word' id='word_1_21' title='bbox 199 1200 289 1288; x_wconf 81' lang='lat' dir='ltr'><strong>quod</strong></span> <span class='ocrx_word' id='word_1_22' title='bbox 309 1197 450 1262; x_wconf 78' lang='lat' dir='ltr'><strong>Vaslisco</strong></span> <span class='ocrx_word' id='word_1_23' title='bbox 471 1194 669 1277; x_wconf 86' lang='lat' dir='ltr'><strong>propositum</strong></span> <span class='ocrx_word' id='word_1_24' title='bbox 688 1193 763 1261; x_wconf 88' lang='lat' dir='ltr'><strong>item</strong></span> <span class='ocrx_word' id='word_1_25' title='bbox 783 1195 946 1260; x_wconf 82' lang='lat' dir='ltr'><strong>videmus:</strong></span> 
     </span>
     <span class='ocr_line' id='line_1_6' title="bbox 220 1297 1123 1378; baseline -0.011 -19"><span class='ocrx_word' id='word_1_26' title='bbox 220 1352 229 1371; x_wconf 82' lang='grc'><em>,</em></span> <span class='ocrx_word' id='word_1_27' title='bbox 270 1298 406 1378; x_wconf 72' lang='lat' dir='ltr'><strong>Obliquat</strong></span> <span class='ocrx_word' id='word_1_28' title='bbox 430 1300 573 1366; x_wconf 81' lang='lat' dir='ltr'><strong>inuidia,</strong></span> <span class='ocrx_word' id='word_1_29' title='bbox 603 1305 632 1352; x_wconf 89' lang='lat' dir='ltr'><strong>et</strong></span> <span class='ocrx_word' id='word_1_30' title='bbox 648 1297 788 1356; x_wconf 79' lang='lat' dir='ltr'><strong>stimulis</strong></span> <span class='ocrx_word' id='word_1_31' title='bbox 809 1299 967 1373; x_wconf 77' lang='lat' dir='ltr'><strong>aqitemut</strong></span> <span class='ocrx_word' id='word_1_32' title='bbox 986 1297 1123 1355; x_wconf 78' lang='lat' dir='ltr'><strong>amaris.</strong></span> 
     </span>
     <span class='ocr_line' id='line_1_7' title="bbox 275 1396 1231 1482; baseline -0.003 -19"><span class='ocrx_word' id='word_1_33' title='bbox 275 1399 378 1479; x_wconf 85' lang='lat' dir='ltr'><strong>Cujus</strong></span> <span class='ocrx_word' id='word_1_34' title='bbox 392 1398 466 1464; x_wconf 80' lang='lat' dir='ltr'><strong>lacti</strong></span> <span class='ocrx_word' id='word_1_35' title='bbox 486 1416 581 1480; x_wconf 83' lang='lat' dir='ltr'><strong>spero</strong></span> <span class='ocrx_word' id='word_1_36' title='bbox 601 1417 660 1463; x_wconf 86' lang='lat' dir='ltr'><strong>nos</strong></span> <span class='ocrx_word' id='word_1_37' title='bbox 686 1397 770 1464; x_wconf 83' lang='lat' dir='ltr'><strong>haud</strong></span> <span class='ocrx_word' id='word_1_38' title='bbox 784 1417 903 1482; x_wconf 84' lang='lat' dir='ltr'><strong>paucos</strong></span> <span class='ocrx_word' id='word_1_39' title='bbox 920 1396 1082 1461; x_wconf 82' lang='lat' dir='ltr'><strong>babituros</strong></span> <span class='ocrx_word' id='word_1_40' title='bbox 1103 1397 1231 1480; x_wconf 80' lang='lat' dir='ltr'><strong>adjuto-</strong></span> 
     </span>
     <span class='ocr_line' id='line_1_8' title="bbox 198 1495 1230 1580; baseline -0.003 -15"><span class='ocrx_word' id='word_1_41' title='bbox 198 1522 267 1576; x_wconf 83' lang='lat' dir='ltr'><strong>res,</strong></span> <span class='ocrx_word' id='word_1_42' title='bbox 287 1521 352 1566; x_wconf 88' lang='lat' dir='ltr'><strong>non</strong></span> <span class='ocrx_word' id='word_1_43' title='bbox 368 1511 487 1564; x_wconf 90' lang='lat' dir='ltr'><strong>tantum</strong></span> <span class='ocrx_word' id='word_1_44' title='bbox 507 1498 541 1561; x_wconf 91' lang='lat' dir='ltr'><strong>in</strong></span> <span class='ocrx_word' id='word_1_45' title='bbox 561 1499 678 1580; x_wconf 73' lang='lat' dir='ltr'><strong>mulge,</strong></span> <span class='ocrx_word' id='word_1_46' title='bbox 698 1495 754 1560; x_wconf 93' lang='lat' dir='ltr'><strong>ubi</strong></span> <span class='ocrx_word' id='word_1_47' title='bbox 769 1498 978 1577; x_wconf 75' lang='lat' dir='ltr'><strong>contemptius</strong></span> <span class='ocrx_word' id='word_1_48' title='bbox 992 1498 1148 1562; x_wconf 78' lang='lat' dir='ltr'><strong>habentur</strong></span> <span class='ocrx_word' id='word_1_49' title='bbox 1164 1499 1230 1580; x_wconf 87' lang='lat' dir='ltr'><strong>jam</strong></span> 
     </span>
     <span class='ocr_line' id='line_1_9' title="bbox 197 1597 1231 1681; baseline -0.01 -11"><span class='ocrx_word' id='word_1_50' title='bbox 197 1603 308 1675; x_wconf 84' lang='lat' dir='ltr'><strong>bullae,</strong></span> <span class='ocrx_word' id='word_1_51' title='bbox 325 1612 357 1663; x_wconf 92' lang='lat' dir='ltr'><strong>et</strong></span> <span class='ocrx_word' id='word_1_52' title='bbox 370 1600 474 1665; x_wconf 90' lang='lat' dir='ltr'><strong>minus</strong></span> <span class='ocrx_word' id='word_1_53' title='bbox 494 1597 664 1681; x_wconf 87' lang='lat' dir='ltr'><strong>minusque</strong></span> <span class='ocrx_word' id='word_1_54' title='bbox 680 1607 829 1661; x_wconf 80' lang='lat' dir='ltr'><strong>smantm</strong></span> <span class='ocrx_word' id='word_1_55' title='bbox 839 1597 1112 1671; x_wconf 85' lang='lat' dir='ltr'><strong>condonationes,</strong></span> <span class='ocrx_word' id='word_1_56' title='bbox 1129 1620 1166 1662; x_wconf 88' lang='lat' dir='ltr'><strong>ac</strong></span> <span class='ocrx_word' id='word_1_57' title='bbox 1179 1600 1231 1661; x_wconf 91' lang='lat' dir='ltr'><strong>in·</strong></span> 
     </span>
     <span class='ocr_line' id='line_1_10' title="bbox 198 1695 1230 1782; baseline -0.009 -13"><span class='ocrx_word' id='word_1_58' title='bbox 198 1702 333 1769; x_wconf 74' lang='lat' dir='ltr'><strong>visiones</strong></span> <span class='ocrx_word' id='word_1_59' title='bbox 351 1711 424 1766; x_wconf 82' lang='lat' dir='ltr'><strong>aunt</strong></span> <span class='ocrx_word' id='word_1_60' title='bbox 441 1701 592 1764; x_wconf 79' lang='lat' dir='ltr'><strong>Romame</strong></span> <span class='ocrx_word' id='word_1_61' title='bbox 605 1696 801 1779; x_wconf 77' lang='lat' dir='ltr'><strong>legationes,</strong></span> <span class='ocrx_word' id='word_1_62' title='bbox 820 1695 988 1782; x_wconf 84' lang='lat' dir='ltr'><strong>majorque</strong></span> <span class='ocrx_word' id='word_1_63' title='bbox 1008 1719 1044 1762; x_wconf 91' lang='lat' dir='ltr'><strong>ac</strong></span> <span class='ocrx_word' id='word_1_64' title='bbox 1062 1699 1166 1776; x_wconf 83' lang='lat' dir='ltr'><strong>major</strong></span> <span class='ocrx_word' id='word_1_65' title='bbox 1180 1711 1230 1761; x_wconf 83' lang='lat' dir='ltr'><strong>est</strong></span> 
     </span>
     <span class='ocr_line' id='line_1_11' title="bbox 198 1797 1228 1881; baseline -0.008 -12"><span class='ocrx_word' id='word_1_66' title='bbox 198 1802 302 1869; x_wconf 86' lang='lat' dir='ltr'><strong>indies</strong></span> <span class='ocrx_word' id='word_1_67' title='bbox 322 1800 525 1865; x_wconf 73' lang='lat' dir='ltr'><strong>exactionum</strong></span> <span class='ocrx_word' id='word_1_68' title='bbox 546 1797 759 1880; x_wconf 84' lang='lat' dir='ltr'><strong>impatientia,</strong></span> <span class='ocrx_word' id='word_1_69' title='bbox 787 1816 846 1859; x_wconf 91' lang='lat' dir='ltr'><strong>ncc</strong></span> <span class='ocrx_word' id='word_1_70' title='bbox 867 1798 925 1872; x_wconf 90' lang='lat' dir='ltr'><strong>ita,</strong></span> <span class='ocrx_word' id='word_1_71' title='bbox 947 1808 983 1864; x_wconf 89' lang='lat' dir='ltr'><strong>ut</strong></span> <span class='ocrx_word' id='word_1_72' title='bbox 1008 1798 1071 1877; x_wconf 82' lang='lat' dir='ltr'><strong>jam</strong></span> <span class='ocrx_word' id='word_1_73' title='bbox 1092 1798 1228 1881; x_wconf 85' lang='lat' dir='ltr'><strong>pridem,</strong></span> 
     </span>
     <span class='ocr_line' id='line_1_12' title="bbox 199 1895 1229 1982; baseline -0.001 -19"><span class='ocrx_word' id='word_1_74' title='bbox 199 1902 328 1969; x_wconf 77' lang='lat' dir='ltr'><strong>timetur</strong></span> <span class='ocrx_word' id='word_1_75' title='bbox 346 1918 486 1982; x_wconf 82' lang='lat' dir='ltr'><strong>praeceps</strong></span> <span class='ocrx_word' id='word_1_76' title='bbox 503 1898 580 1965; x_wconf 87' lang='lat' dir='ltr'><strong>illud</strong></span> <span class='ocrx_word' id='word_1_77' title='bbox 599 1895 795 1964; x_wconf 83' lang='lat' dir='ltr'><strong>anathematis</strong></span> <span class='ocrx_word' id='word_1_78' title='bbox 813 1897 951 1973; x_wconf 87' lang='lat' dir='ltr'><strong>tonitru,</strong></span> <span class='ocrx_word' id='word_1_79' title='bbox 968 1910 1001 1959; x_wconf 91' lang='lat' dir='ltr'><strong>et</strong></span> <span class='ocrx_word' id='word_1_80' title='bbox 1018 1901 1119 1962; x_wconf 89' lang='lat' dir='ltr'><strong>adhuc</strong></span> <span class='ocrx_word' id='word_1_81' title='bbox 1134 1901 1229 1979; x_wconf 88' lang='lat' dir='ltr'><strong>pauci</strong></span> 
     </span>
     <span class='ocr_line' id='line_1_13' title="bbox 200 1993 1229 2087; baseline -0.006 -19"><span class='ocrx_word' id='word_1_82' title='bbox 200 2000 451 2087; x_wconf 81' lang='lat' dir='ltr'><strong>dispensationes</strong></span> <span class='ocrx_word' id='word_1_83' title='bbox 486 2009 705 2073; x_wconf 79' lang='lat' dir='ltr'><strong>emereamur,</strong></span> <span class='ocrx_word' id='word_1_84' title='bbox 739 1997 797 2059; x_wconf 85' lang='lat' dir='ltr'><strong>sed</strong></span> <span class='ocrx_word' id='word_1_85' title='bbox 828 1999 912 2077; x_wconf 86' lang='lat' dir='ltr'><strong>apud</strong></span> <span class='ocrx_word' id='word_1_86' title='bbox 941 1993 1100 2080; x_wconf 88' lang='lat' dir='ltr'><strong>principes</strong></span> <span class='ocrx_word' id='word_1_87' title='bbox 1133 1999 1229 2062; x_wconf 88' lang='lat' dir='ltr'><strong>ctiam</strong></span> 
     </span>
     <span class='ocr_line' id='line_1_14' title="bbox 200 2095 1228 2186; baseline -0.007 -19"><span class='ocrx_word' id='word_1_88' title='bbox 200 2101 306 2175; x_wconf 74' lang='lat' dir='ltr'><strong>vitos,</strong></span> <span class='ocrx_word' id='word_1_89' title='bbox 329 2096 480 2186; x_wconf 83' lang='lat' dir='ltr'><strong>aquibus</strong></span> <span class='ocrx_word' id='word_1_90' title='bbox 500 2110 534 2165; x_wconf 90' lang='lat' dir='ltr'><strong>tu</strong></span> <span class='ocrx_word' id='word_1_91' title='bbox 553 2097 652 2162; x_wconf 88' lang='lat' dir='ltr'><strong>libere</strong></span> <span class='ocrx_word' id='word_1_92' title='bbox 673 2095 737 2164; x_wconf 84' lang='lat' dir='ltr'><strong>dici</strong></span> <span class='ocrx_word' id='word_1_93' title='bbox 754 2096 913 2180; x_wconf 79' lang='lat' dir='ltr'><strong>quadarn,</strong></span> <span class='ocrx_word' id='word_1_94' title='bbox 934 2108 1028 2182; x_wconf 90' lang='lat' dir='ltr'><strong>atque</strong></span> <span class='ocrx_word' id='word_1_95' title='bbox 1047 2099 1098 2180; x_wconf 88' lang='lat' dir='ltr'><strong>agi</strong></span> <span class='ocrx_word' id='word_1_96' title='bbox 1113 2099 1228 2176; x_wconf 85' lang='lat' dir='ltr'><strong>refers,</strong></span> 
     </span>
     <span class='ocr_line' id='line_1_15' title="bbox 247 2195 1228 2283; baseline -0.002 -19"><span class='ocrx_word' id='word_1_97' title='bbox 247 2201 318 2267; x_wconf 88' lang='lat' dir='ltr'><strong>ibus</strong></span> <span class='ocrx_word' id='word_1_98' title='bbox 338 2200 469 2279; x_wconf 88' lang='lat' dir='ltr'><strong>amplius</strong></span> <span class='ocrx_word' id='word_1_99' title='bbox 495 2197 626 2263; x_wconf 75' lang='lat' dir='ltr'><strong>ferenda</strong></span> <span class='ocrx_word' id='word_1_100' title='bbox 652 2217 718 2261; x_wconf 86' lang='lat' dir='ltr'><strong>non</strong></span> <span class='ocrx_word' id='word_1_101' title='bbox 741 2196 870 2265; x_wconf 77' lang='lat' dir='ltr'><strong>videtur</strong></span> <span class='ocrx_word' id='word_1_102' title='bbox 889 2195 941 2263; x_wconf 86' lang='lat' dir='ltr'><strong>illa</strong></span> <span class='ocrx_word' id='word_1_103' title='bbox 965 2204 1071 2283; x_wconf 78' lang='lat' dir='ltr'><strong>(quam</strong></span> <span class='ocrx_word' id='word_1_104' title='bbox 1091 2201 1150 2263; x_wconf 89' lang='lat' dir='ltr'><strong>sibi</strong></span> <span class='ocrx_word' id='word_1_105' title='bbox 1172 2201 1228 2262; x_wconf 89' lang='lat' dir='ltr'><strong>ad-</strong></span> 
     </span>
     <span class='ocr_line' id='line_1_16' title="bbox 199 2222 1226 2384; baseline -0.004 -16"><span class='ocrx_word' id='word_1_106' title='bbox 199 2222 290 2384; x_wconf 51' lang='lat' dir='ltr'><strong>{igit</strong></span> <span class='ocrx_word' id='word_1_107' title='bbox 318 2299 400 2382; x_wconf 83' lang='lat' dir='ltr'><strong>ipse)</strong></span> <span class='ocrx_word' id='word_1_108' title='bbox 427 2297 570 2367; x_wconf 84' lang='lat' dir='ltr'><strong>absoluta</strong></span> <span class='ocrx_word' id='word_1_109' title='bbox 596 2295 734 2366; x_wconf 80' lang='lat' dir='ltr'><strong>Rotnani</strong></span> <span class='ocrx_word' id='word_1_110' title='bbox 759 2297 902 2380; x_wconf 81' lang='lat' dir='ltr'><strong>episcopi</strong></span> <span class='ocrx_word' id='word_1_111' title='bbox 930 2310 1088 2378; x_wconf 84' lang='lat' dir='ltr'><strong>potestas,</strong></span> <span class='ocrx_word' id='word_1_112' title='bbox 1116 2301 1226 2382; x_wconf 85' lang='lat' dir='ltr'><strong>etqui</strong></span> 
     </span>
     <span class='ocr_line' id='line_1_17' title="bbox 200 2384 1226 2483; baseline -0.002 -20"><span class='ocrx_word' id='word_1_113' title='bbox 200 2401 241 2469; x_wconf 75' lang='lat' dir='ltr'><strong>ad</strong></span> <span class='ocrx_word' id='word_1_114' title='bbox 260 2384 428 2468; x_wconf 78' lang='lat' dir='ltr'><strong>concilium</strong></span> <span class='ocrx_word' id='word_1_115' title='bbox 447 2400 608 2473; x_wconf 86' lang='lat' dir='ltr'><strong>anhelant,</strong></span> <span class='ocrx_word' id='word_1_116' title='bbox 634 2407 666 2465; x_wconf 88' lang='lat' dir='ltr'><strong>et</strong></span> <span class='ocrx_word' id='word_1_117' title='bbox 684 2398 858 2479; x_wconf 80' lang='lat' dir='ltr'><strong>neglectius</strong></span> <span class='ocrx_word' id='word_1_118' title='bbox 883 2397 944 2483; x_wconf 83' lang='lat' dir='ltr'><strong>jam</strong></span> <span class='ocrx_word' id='word_1_119' title='bbox 965 2398 1096 2462; x_wconf 87' lang='lat' dir='ltr'><strong>adorant</strong></span> <span class='ocrx_word' id='word_1_120' title='bbox 1120 2398 1226 2481; x_wconf 91' lang='lat' dir='ltr'><strong>impu·</strong></span> 
     </span>
     <span class='ocr_line' id='line_1_18' title="bbox 184 2496 1225 2582; baseline -0.005 -15"><span class='ocrx_word' id='word_1_121' title='bbox 184 2503 280 2567; x_wconf 62' lang='lat' dir='ltr'><strong>alens</strong></span> <span class='ocrx_word' id='word_1_122' title='bbox 302 2499 379 2568; x_wconf 86' lang='lat' dir='ltr'><strong>illud</strong></span> <span class='ocrx_word' id='word_1_123' title='bbox 406 2496 577 2566; x_wconf 72' lang='lat' dir='ltr'><strong>Christiani</strong></span> <span class='ocrx_word' id='word_1_124' title='bbox 602 2496 761 2579; x_wconf 82' lang='lat' dir='ltr'><strong>pontificis</strong></span> <span class='ocrx_word' id='word_1_125' title='bbox 781 2498 923 2575; x_wconf 89' lang='lat' dir='ltr'><strong>idolum,</strong></span> <span class='ocrx_word' id='word_1_126' title='bbox 951 2498 1006 2582; x_wconf 88' lang='lat' dir='ltr'><strong>qui</strong></span> <span class='ocrx_word' id='word_1_127' title='bbox 1024 2499 1064 2561; x_wconf 84' lang='lat' dir='ltr'><strong>ad</strong></span> <span class='ocrx_word' id='word_1_128' title='bbox 1082 2508 1225 2562; x_wconf 84' lang='lat' dir='ltr'><strong>veterem</strong></span> 
     </span>
     <span class='ocr_line' id='line_1_19' title="bbox 200 2591 1228 2684; baseline -0.003 -18"><span class='ocrx_word' id='word_1_129' title='bbox 200 2602 283 2667; x_wconf 86' lang='lat' dir='ltr'><strong>illam</strong></span> <span class='ocrx_word' id='word_1_130' title='bbox 307 2601 486 2684; x_wconf 85' lang='lat' dir='ltr'><strong>priscorum</strong></span> <span class='ocrx_word' id='word_1_131' title='bbox 511 2596 682 2666; x_wconf 81' lang='lat' dir='ltr'><strong>antistitum</strong></span> <span class='ocrx_word' id='word_1_132' title='bbox 709 2595 921 2679; x_wconf 74' lang='lat' dir='ltr'><strong>frugalitatem</strong></span> <span class='ocrx_word' id='word_1_133' title='bbox 947 2591 1117 2680; x_wconf 83' lang='lat' dir='ltr'><strong>respiciunt</strong></span> <span class='ocrx_word' id='word_1_134' title='bbox 1141 2620 1228 2680; x_wconf 82' lang='lat' dir='ltr'><strong>aegre</strong></span> 
     </span>
     <span class='ocr_line' id='line_1_20' title="bbox 200 2695 1228 2781; baseline -0.001 -18"><span class='ocrx_word' id='word_1_135' title='bbox 200 2700 340 2766; x_wconf 75' lang='lat' dir='ltr'><strong>serentes</strong></span> <span class='ocrx_word' id='word_1_136' title='bbox 372 2709 560 2781; x_wconf 87' lang='lat' dir='ltr'><strong>personatos</strong></span> <span class='ocrx_word' id='word_1_137' title='bbox 590 2697 667 2764; x_wconf 86' lang='lat' dir='ltr'><strong>istos</strong></span> <span class='ocrx_word' id='word_1_138' title='bbox 695 2695 887 2780; x_wconf 82' lang='lat' dir='ltr'><strong>episcopos,</strong></span> <span class='ocrx_word' id='word_1_139' title='bbox 922 2701 1001 2765; x_wconf 83' lang='lat' dir='ltr'><strong>luxu</strong></span> <span class='ocrx_word' id='word_1_140' title='bbox 1034 2710 1067 2764; x_wconf 87' lang='lat' dir='ltr'><strong>et</strong></span> <span class='ocrx_word' id='word_1_141' title='bbox 1097 2700 1228 2762; x_wconf 87' lang='lat' dir='ltr'><strong>avaritia</strong></span> 
     </span>
     <span class='ocr_line' id='line_1_21' title="bbox 201 2796 1228 2883; baseline 0.002 -19"><span class='ocrx_word' id='word_1_142' title='bbox 201 2800 343 2883; x_wconf 81' lang='lat' dir='ltr'><strong>perditos</strong></span> <span class='ocrx_word' id='word_1_143' title='bbox 376 2799 543 2876; x_wconf 78' lang='lat' dir='ltr'><strong>homines,</strong></span> <span class='ocrx_word' id='word_1_144' title='bbox 583 2796 748 2882; x_wconf 79' lang='lat' dir='ltr'><strong>religionis</strong></span> <span class='ocrx_word' id='word_1_145' title='bbox 778 2807 933 2877; x_wconf 75' lang='lat' dir='ltr'><strong>pretextu</strong></span> <span class='ocrx_word' id='word_1_146' title='bbox 965 2800 1005 2863; x_wconf 83' lang='lat' dir='ltr'><strong>ad</strong></span> <span class='ocrx_word' id='word_1_147' title='bbox 1033 2800 1228 2882; x_wconf 83' lang='lat' dir='ltr'><strong>tyrannicam</strong></span> 
     </span>
     <span class='ocr_line' id='line_1_22' title="bbox 200 2896 1226 2983; baseline -0.003 -18"><span class='ocrx_word' id='word_1_148' title='bbox 200 2896 287 2965; x_wconf 80' lang='lat' dir='ltr'><strong>abuti</strong></span> <span class='ocrx_word' id='word_1_149' title='bbox 315 2900 515 2980; x_wconf 75' lang='lat' dir='ltr'><strong>superbiam,</strong></span> <span class='ocrx_word' id='word_1_150' title='bbox 548 2908 721 2981; x_wconf 85' lang='lat' dir='ltr'><strong>optantque</strong></span> <span class='ocrx_word' id='word_1_151' title='bbox 748 2918 808 2963; x_wconf 86' lang='lat' dir='ltr'><strong>suo</strong></span> <span class='ocrx_word' id='word_1_152' title='bbox 837 2897 989 2963; x_wconf 84' lang='lat' dir='ltr'><strong>arbitratu</strong></span> <span class='ocrx_word' id='word_1_153' title='bbox 1014 2898 1119 2983; x_wconf 82' lang='lat' dir='ltr'><strong>dignis</strong></span> <span class='ocrx_word' id='word_1_154' title='bbox 1150 2920 1226 2962; x_wconf 88' lang='lat' dir='ltr'><strong>con·</strong></span> 
     </span>
     <span class='ocr_line' id='line_1_23' title="bbox 199 2998 1225 3085; baseline -0.003 -21"><span class='ocrx_word' id='word_1_155' title='bbox 199 3001 280 3065; x_wconf 79' lang='lat' dir='ltr'><strong>ferri</strong></span> <span class='ocrx_word' id='word_1_156' title='bbox 305 2999 404 3085; x_wconf 85' lang='lat' dir='ltr'><strong>patria</strong></span> <span class='ocrx_word' id='word_1_157' title='bbox 423 2999 474 3062; x_wconf 90' lang='lat' dir='ltr'><strong>bic</strong></span> <span class='ocrx_word' id='word_1_158' title='bbox 499 2999 539 3064; x_wconf 82' lang='lat' dir='ltr'><strong>ah</strong></span> <span class='ocrx_word' id='word_1_159' title='bbox 558 3019 592 3061; x_wconf 84' lang='lat' dir='ltr'><strong>se</strong></span> <span class='ocrx_word' id='word_1_160' title='bbox 624 2998 819 3076; x_wconf 76' lang='lat' dir='ltr'><strong>sacerdotia,</strong></span> <span class='ocrx_word' id='word_1_161' title='bbox 849 3018 916 3083; x_wconf 85' lang='lat' dir='ltr'><strong>quo</strong></span> <span class='ocrx_word' id='word_1_162' title='bbox 941 2999 1044 3062; x_wconf 88' lang='lat' dir='ltr'><strong>minus</strong></span> <span class='ocrx_word' id='word_1_163' title='bbox 1071 3000 1110 3063; x_wconf 91' lang='lat' dir='ltr'><strong>sit</strong></span> <span class='ocrx_word' id='word_1_164' title='bbox 1136 3003 1225 3062; x_wconf 82' lang='lat' dir='ltr'><strong>locus</strong></span> 
     </span>
     <span class='ocr_line' id='line_1_24' title="bbox 197 3098 1227 3181; baseline -0.001 -17"><span class='ocrx_word' id='word_1_165' title='bbox 197 3113 338 3167; x_wconf 81' lang='lat' dir='ltr'><strong>extensae</strong></span> <span class='ocrx_word' id='word_1_166' title='bbox 359 3100 516 3174; x_wconf 57' lang='lat' dir='ltr'><strong>astaritise,</strong></span> <span class='ocrx_word' id='word_1_167' title='bbox 547 3119 619 3166; x_wconf 84' lang='lat' dir='ltr'><strong>eum</strong></span> <span class='ocrx_word' id='word_1_168' title='bbox 638 3109 747 3163; x_wconf 84' lang='lat' dir='ltr'><strong>nostra</strong></span> <span class='ocrx_word' id='word_1_169' title='bbox 774 3099 965 3167; x_wconf 86' lang='lat' dir='ltr'><strong>contumelia</strong></span> <span class='ocrx_word' id='word_1_170' title='bbox 983 3098 1101 3181; x_wconf 87' lang='lat' dir='ltr'><strong>pariter</strong></span> <span class='ocrx_word' id='word_1_171' title='bbox 1128 3111 1160 3164; x_wconf 88' lang='lat' dir='ltr'><strong>et</strong></span> <span class='ocrx_word' id='word_1_172' title='bbox 1179 3100 1227 3163; x_wconf 87' lang='lat' dir='ltr'><strong>in·</strong></span> 
     </span>
     <span class='ocr_line' id='line_1_25' title="bbox 201 3198 1226 3289; baseline -0.002 -24"><span class='ocrx_word' id='word_1_173' title='bbox 201 3201 371 3266; x_wconf 88' lang='lat' dir='ltr'><strong>commodo</strong></span> <span class='ocrx_word' id='word_1_174' title='bbox 399 3198 644 3289; x_wconf 21' lang='lat' dir='ltr'><strong>aut-absorbere</strong></span> <span class='ocrx_word' id='word_1_175' title='bbox 664 3217 719 3274; x_wconf 84' lang='lat' dir='ltr'><strong>ea,</strong></span> <span class='ocrx_word' id='word_1_176' title='bbox 749 3211 802 3264; x_wconf 91' lang='lat' dir='ltr'><strong>aut</strong></span> <span class='ocrx_word' id='word_1_177' title='bbox 831 3200 972 3265; x_wconf 77' lang='lat' dir='ltr'><strong>vendere</strong></span> <span class='ocrx_word' id='word_1_178' title='bbox 1004 3200 1226 3285; x_wconf 84' lang='lat' dir='ltr'><strong>qualibuscun-</strong></span> 
     </span>
     <span class='ocr_line' id='line_1_26' title="bbox 201 3298 1225 3393; baseline -0.003 -28"><span class='ocrx_word' id='word_1_179' title='bbox 201 3318 285 3393; x_wconf 76' lang='lat' dir='ltr'><strong>que,</strong></span> <span class='ocrx_word' id='word_1_180' title='bbox 323 3311 356 3363; x_wconf 88' lang='lat' dir='ltr'><strong>et</strong></span> <span class='ocrx_word' id='word_1_181' title='bbox 380 3301 578 3381; x_wconf 82' lang='lat' dir='ltr'><strong>impatienter</strong></span> <span class='ocrx_word' id='word_1_182' title='bbox 611 3298 764 3365; x_wconf 85' lang='lat' dir='ltr'><strong>sustinent</strong></span> <span class='ocrx_word' id='word_1_183' title='bbox 792 3300 866 3364; x_wconf 86' lang='lat' dir='ltr'><strong>lites</strong></span> <span class='ocrx_word' id='word_1_184' title='bbox 894 3301 1011 3364; x_wconf 87' lang='lat' dir='ltr'><strong>diutius</strong></span> <span class='ocrx_word' id='word_1_185' title='bbox 1036 3310 1123 3363; x_wconf 86' lang='lat' dir='ltr'><strong>tauto</strong></span> <span class='ocrx_word' id='word_1_186' title='bbox 1153 3320 1225 3362; x_wconf 92' lang='lat' dir='ltr'><strong>cum</strong></span> 
     </span>
     <span class='ocr_line' id='line_1_27' title="bbox 202 3399 1226 3482; baseline -0.002 -17"><span class='ocrx_word' id='word_1_187' title='bbox 202 3401 377 3465; x_wconf 81' lang='lat' dir='ltr'><strong>Germanias</strong></span> <span class='ocrx_word' id='word_1_188' title='bbox 391 3401 558 3482; x_wconf 82' lang='lat' dir='ltr'><strong>dispendio</strong></span> <span class='ocrx_word' id='word_1_189' title='bbox 571 3400 705 3467; x_wconf 87' lang='lat' dir='ltr'><strong>Romam</strong></span> <span class='ocrx_word' id='word_1_190' title='bbox 719 3402 901 3477; x_wconf 80' lang='lat' dir='ltr'><strong>transferri,</strong></span> <span class='ocrx_word' id='word_1_191' title='bbox 920 3401 1035 3468; x_wconf 92' lang='lat' dir='ltr'><strong>misere</strong></span> <span class='ocrx_word' id='word_1_192' title='bbox 1050 3399 1226 3481; x_wconf 84' lang='lat' dir='ltr'><strong>cupientes,</strong></span> 
     </span>
     <span class='ocr_line' id='line_1_28' title="bbox 200 3499 1225 3587; baseline -0.002 -23"><span class='ocrx_word' id='word_1_193' title='bbox 200 3513 236 3570; x_wconf 89' lang='lat' dir='ltr'><strong>ut</strong></span> <span class='ocrx_word' id='word_1_194' title='bbox 260 3503 318 3567; x_wconf 86' lang='lat' dir='ltr'><strong>ista</strong></span> <span class='ocrx_word' id='word_1_195' title='bbox 344 3501 482 3568; x_wconf 75' lang='lat' dir='ltr'><strong>ccclesiae</strong></span> <span class='ocrx_word' id='word_1_196' title='bbox 510 3503 608 3578; x_wconf 84' lang='lat' dir='ltr'><strong>capita</strong></span> <span class='ocrx_word' id='word_1_197' title='bbox 635 3521 695 3578; x_wconf 87' lang='lat' dir='ltr'><strong>pro</strong></span> <span class='ocrx_word' id='word_1_198' title='bbox 715 3502 776 3578; x_wconf 85' lang='lat' dir='ltr'><strong>iis,</strong></span> <span class='ocrx_word' id='word_1_199' title='bbox 809 3524 879 3587; x_wconf 84' lang='lat' dir='ltr'><strong>quaa</strong></span> <span class='ocrx_word' id='word_1_200' title='bbox 900 3522 984 3563; x_wconf 90' lang='lat' dir='ltr'><strong>nunc</strong></span> <span class='ocrx_word' id='word_1_201' title='bbox 1008 3515 1102 3578; x_wconf 89' lang='lat' dir='ltr'><strong>sunt,</strong></span> <span class='ocrx_word' id='word_1_202' title='bbox 1130 3499 1225 3575; x_wconf 74' lang='lat' dir='ltr'><strong>titiis,</strong></span> 
     </span>
     <span class='ocr_line' id='line_1_29' title="bbox 201 3600 1226 3685; baseline -0.004 -19"><span class='ocrx_word' id='word_1_203' title='bbox 201 3602 349 3676; x_wconf 88' lang='lat' dir='ltr'><strong>stultitia,</strong></span> <span class='ocrx_word' id='word_1_204' title='bbox 377 3601 515 3676; x_wconf 86' lang='lat' dir='ltr'><strong>desidis,</strong></span> <span class='ocrx_word' id='word_1_205' title='bbox 544 3602 641 3675; x_wconf 85' lang='lat' dir='ltr'><strong>luxu,</strong></span> <span class='ocrx_word' id='word_1_206' title='bbox 679 3602 826 3678; x_wconf 86' lang='lat' dir='ltr'><strong>avaritia,</strong></span> <span class='ocrx_word' id='word_1_207' title='bbox 859 3602 1051 3685; x_wconf 88' lang='lat' dir='ltr'><strong>rapacitate,</strong></span> <span class='ocrx_word' id='word_1_208' title='bbox 1081 3600 1226 3681; x_wconf 84' lang='lat' dir='ltr'><strong>pertidia,</strong></span> 
     </span>
     <span class='ocr_line' id='line_1_30' title="bbox 200 3700 1225 3779; baseline 0.003 -17"><span class='ocrx_word' id='word_1_209' title='bbox 200 3702 397 3778; x_wconf 85' lang='lat' dir='ltr'><strong>temulentia,</strong></span> <span class='ocrx_word' id='word_1_210' title='bbox 414 3700 540 3774; x_wconf 88' lang='lat' dir='ltr'><strong>astutia,</strong></span> <span class='ocrx_word' id='word_1_211' title='bbox 553 3700 701 3778; x_wconf 87' lang='lat' dir='ltr'><strong>libidine,</strong></span> <span class='ocrx_word' id='word_1_212' title='bbox 716 3704 899 3779; x_wconf 88' lang='lat' dir='ltr'><strong>insolentia,</strong></span> <span class='ocrx_word' id='word_1_213' title='bbox 914 3703 1087 3778; x_wconf 85' lang='lat' dir='ltr'><strong>seditione,</strong></span> <span class='ocrx_word' id='word_1_214' title='bbox 1100 3702 1225 3776; x_wconf 81' lang='lat' dir='ltr'><strong>fraude,</strong></span> 
     </span>
     <span class='ocr_line' id='line_1_31' title="bbox 200 3801 1227 3887; baseline -0.001 -23"><span class='ocrx_word' id='word_1_215' title='bbox 200 3801 369 3877; x_wconf 76' lang='lat' dir='ltr'><strong>violentia,</strong></span> <span class='ocrx_word' id='word_1_216' title='bbox 390 3802 526 3874; x_wconf 86' lang='lat' dir='ltr'><strong>scelere,</strong></span> <span class='ocrx_word' id='word_1_217' title='bbox 548 3813 579 3863; x_wconf 87' lang='lat' dir='ltr'><strong>ct</strong></span> <span class='ocrx_word' id='word_1_218' title='bbox 599 3803 798 3880; x_wconf 86' lang='lat' dir='ltr'><strong>crudelitate,</strong></span> <span class='ocrx_word' id='word_1_219' title='bbox 827 3806 881 3869; x_wconf 86' lang='lat' dir='ltr'><strong>bas</strong></span> <span class='ocrx_word' id='word_1_220' title='bbox 908 3803 1075 3887; x_wconf 90' lang='lat' dir='ltr'><strong>aliquando</strong></span> <span class='ocrx_word' id='word_1_221' title='bbox 1096 3802 1227 3865; x_wconf 88' lang='lat' dir='ltr'><strong>induant</strong></span> 
     </span>
     <span class='ocr_line' id='line_1_32' title="bbox 201 3901 1225 3989; baseline 0.004 -26"><span class='ocrx_word' id='word_1_222' title='bbox 201 3903 380 3972; x_wconf 83' lang='lat' dir='ltr'><strong>oottversim</strong></span> <span class='ocrx_word' id='word_1_223' title='bbox 393 3901 524 3963; x_wconf 84' lang='lat' dir='ltr'><strong>virtutos</strong></span> <span class='ocrx_word' id='word_1_224' title='bbox 536 3949 544 3979; x_wconf 86' lang='lat'><strong><em>‚</em></strong></span> <span class='ocrx_word' id='word_1_225' title='bbox 557 3904 773 3983; x_wconf 82' lang='lat' dir='ltr'><strong>prudentiam,</strong></span> <span class='ocrx_word' id='word_1_226' title='bbox 789 3904 998 3989; x_wconf 82' lang='lat' dir='ltr'><strong>vigilantiam,</strong></span> <span class='ocrx_word' id='word_1_227' title='bbox 1017 3903 1225 3979; x_wconf 81' lang='lat' dir='ltr'><strong>sedulitatem,</strong></span> 
     </span>
     <span class='ocr_line' id='line_1_33' title="bbox 201 4002 1226 4087; baseline -0.003 -20"><span class='ocrx_word' id='word_1_228' title='bbox 201 4002 438 4085; x_wconf 83' lang='lat' dir='ltr'><strong>parsimoniam,</strong></span> <span class='ocrx_word' id='word_1_229' title='bbox 465 4005 696 4087; x_wconf 80' lang='lat' dir='ltr'><strong>frugalitatem,</strong></span> <span class='ocrx_word' id='word_1_230' title='bbox 724 4005 979 4086; x_wconf 80' lang='lat' dir='ltr'><strong>temperantiam,</strong></span> <span class='ocrx_word' id='word_1_231' title='bbox 1006 4004 1226 4078; x_wconf 89' lang='lat' dir='ltr'><strong>sinceritatem,</strong></span> 
     </span>
     <span class='ocr_line' id='line_1_34' title="bbox 200 4102 1226 4192; baseline 0 -25"><span class='ocrx_word' id='word_1_232' title='bbox 200 4103 418 4178; x_wconf 84' lang='lat' dir='ltr'><strong>sobrietatem,</strong></span> <span class='ocrx_word' id='word_1_233' title='bbox 434 4102 678 4192; x_wconf 87' lang='lat' dir='ltr'><strong>simplieitatem,</strong></span> <span class='ocrx_word' id='word_1_234' title='bbox 697 4106 937 4181; x_wconf 88' lang='lat' dir='ltr'><strong>continentiam,</strong></span> <span class='ocrx_word' id='word_1_235' title='bbox 953 4104 1226 4189; x_wconf 72' lang='lat' dir='ltr'><strong>equanimitatem,</strong></span> 
     </span>
     <span class='ocr_line' id='line_1_35' title="bbox 200 4203 1226 4288; baseline 0.001 -22"><span class='ocrx_word' id='word_1_236' title='bbox 200 4203 420 4279; x_wconf 82' lang='lat' dir='ltr'><strong>cotacordiam,</strong></span> <span class='ocrx_word' id='word_1_237' title='bbox 441 4205 551 4280; x_wconf 83' lang='lat' dir='ltr'><strong>tidem,</strong></span> <span class='ocrx_word' id='word_1_238' title='bbox 572 4205 736 4288; x_wconf 83' lang='lat' dir='ltr'><strong>justitiam,</strong></span> <span class='ocrx_word' id='word_1_239' title='bbox 756 4206 920 4287; x_wconf 84' lang='lat' dir='ltr'><strong>pietatem,</strong></span> <span class='ocrx_word' id='word_1_240' title='bbox 941 4204 1226 4277; x_wconf 84' lang='lat' dir='ltr'><strong>mansuetudinem,</strong></span> 
     </span>
     <span class='ocr_line' id='line_1_36' title="bbox 199 4303 1225 4392; baseline 0.005 -27"><span class='ocrx_word' id='word_1_241' title='bbox 199 4314 232 4367; x_wconf 90' lang='lat' dir='ltr'><strong>et</strong></span> <span class='ocrx_word' id='word_1_242' title='bbox 248 4303 504 4368; x_wconf 86' lang='lat' dir='ltr'><strong>miserisordiam.</strong></span> <span class='ocrx_word' id='word_1_243' title='bbox 543 4307 692 4392; x_wconf 87' lang='lat' dir='ltr'><strong>Denique</strong></span> <span class='ocrx_word' id='word_1_244' title='bbox 712 4328 731 4370; x_wconf 92' lang='lat' dir='ltr'><strong>e</strong></span> <span class='ocrx_word' id='word_1_245' title='bbox 755 4325 791 4370; x_wconf 86' lang='lat' dir='ltr'><strong>re</strong></span> <span class='ocrx_word' id='word_1_246' title='bbox 812 4304 1063 4372; x_wconf 84' lang='lat' dir='ltr'><strong>Christianorum</strong></span> <span class='ocrx_word' id='word_1_247' title='bbox 1084 4304 1225 4370; x_wconf 86' lang='lat' dir='ltr'><strong>omnium</strong></span> 
     </span>
    </p>
   </div>
   <div class='ocr_carea' id='block_1_3' title="bbox 0 0 1320 5086">
    <p class='ocr_par' dir='ltr' id='par_1_3' title="bbox 0 0 1320 5086">
     <span class='ocr_line' id='line_1_37' title="bbox 0 0 1320 5086; baseline 0 0"><span class='ocrx_word' id='word_1_248' title='bbox 0 0 1320 5086; x_wconf 95' lang='lat' dir='ltr'><strong> </strong></span> 
     </span>
    </p>
   </div>
  </div>
 </body>
</html>
