2632 5086
46 802 60 841 ¹al

195 729 268 808 ret
471 727 541 801 'De
564 724 719 823 Gusjeci
741 722 924 797 medicina

198 918 395 994 vestiendo,
409 917 443 980 in
462 916 601 981 medium
621 936 656 977 se
675 913 858 979 deliciarum
876 916 1024 998 pelagus,
1043 916 1224 998 precipites

198 1019 424 1101 conjecerunt,
459 1016 617 1079 communi
645 1016 786 1077 omnium
814 1015 891 1078 odio
921 1016 1011 1097 digni
1039 1030 1223 1082 censentur.

196 1120 241 1184 Hi
258 1132 346 1193 sunt,
368 1117 424 1200 qui
443 1117 474 1178 in
494 1116 688 1179 coacervatis
705 1115 922 1195 pulvinaribus
936 1117 1043 1196 supini
1057 1117 1222 1193 cubantes,

197 1220 351 1305 quicquid
377 1230 461 1280 term
484 1216 627 1298 murique
654 1217 846 1299 conquirere
864 1218 952 1293 licet,
985 1238 1052 1279 non
1071 1229 1108 1279 ut
1128 1219 1223 1283 vitem

196 1326 390 1392 sustentent,
422 1317 478 1377 sed
497 1329 532 1377 ut
550 1319 655 1397 gulam
679 1316 837 1381 oblectent
861 1317 1044 1394 insumunt,
1072 1318 1129 1400 qui
1154 1340 1222 1383 non

194 1419 255 1485 uisi
274 1415 456 1480 mollissimo
476 1416 654 1479 vestiuntur
672 1415 757 1491 lino,
777 1438 859 1498 (piros
879 1438 1022 1500 purgum
1042 1419 1137 1499 tegit,
1164 1419 1220 1501 qni

195 1516 350 1581 tenellulis
369 1514 505 1577 murium
525 1517 675 1594 pellibus,
695 1539 762 1579 non
777 1530 887 1579 eontra
903 1519 1005 1597 frigus
1024 1518 1220 1592 muniuntur,

195 1620 251 1685 scd
270 1640 329 1700 per
347 1616 474 1679 delicias
493 1616 605 1679 fulcire
624 1619 776 1699 gaudent.
818 1618 862 1681 Hi
884 1629 975 1691 sunt,
1005 1618 1062 1699 qui
1086 1618 1125 1679 ed
1151 1620 1219 1679 mil·

194 1719 278 1803 geris
294 1717 390 1798 panni
404 1727 551 1779 attactum
569 1717 791 1791 offenduntur,
806 1718 941 1780 sericum
955 1718 1081 1781 aliunde
1095 1729 1216 1799 petunt,

193 1842 333 1903 quorum
353 1818 433 1881 cutis
450 1839 516 1880 non
535 1818 613 1893 lert,
631 1818 692 1882 nisi
707 1818 868 1881 Milesium
884 1819 1013 1900 aliquod
1028 1820 1144 1891 vellus,
1165 1830 1217 1880 aut

192 1921 220 1985 si
245 1942 309 2002 qus
334 1930 408 1981 sunt
434 1918 569 1980 Milesiis
595 1919 697 1981 adbuc
723 1920 901 1992 teneriora,
942 1918 998 2001 qui
1024 1919 1059 1980 iu
1089 1940 1219 1997 compo·

191 2019 362 2082 tutionibus
389 2022 586 2092 consultant,
621 2018 654 2079 in
681 2017 963 2082 consultationibus
992 2030 1122 2100 potant,
1163 2019 1219 2101 qui

198 2120 316 2185 serium
341 2119 417 2182 nihil
440 2129 591 2193 tractant,
622 2139 716 2181 omne
741 2119 775 2180 iu
799 2119 953 2182 conviviis
982 2140 1082 2183 aennn
1110 2130 1219 2199 agunt.

191 2223 265 2284 Non
287 2220 320 2281 in
342 2231 407 2281 tota
432 2220 496 2280 lraee
515 2217 628 2279 iterum
649 2219 722 2278 (lico
738 2220 906 2280 Germania
923 2223 1019 2294 liunt,
1038 2219 1096 2280 sed
1114 2230 1218 2281 tamen

191 2322 281 2406 quod
305 2331 447 2383 extreme
473 2320 658 2399 pudendum
684 2319 740 2392 sit,
773 2319 856 2398 apud
877 2320 926 2380 illa
949 2320 1018 2382 lere
1041 2318 1217 2380 Germanis

190 2423 310 2504 capita,
338 2421 408 2483 illos
427 2419 570 2490 nobiles,
592 2420 648 2501 qui
668 2418 860 2500 quotidianis
880 2421 1009 2501 saginati
1031 2420 1150 2499 epulis,
1178 2421 1217 2481 ad

190 2523 255 2587 illas
281 2543 351 2586 sese
377 2519 635 2592 accommodent,
665 2517 860 2598 pontificales
880 2540 1003 2594 cenes,
1026 2521 1059 2582 in
1080 2520 1138 2582 illis
1161 2521 1218 2581 de-

188 2622 333 2685 liciantur
368 2620 507 2700 geneatis
538 2617 834 2698 propinationibus,
870 2621 955 2682 unde
991 2620 1080 2700 prius
1111 2620 1216 2682 omnin

187 2720 337 2794 tulerint,
365 2739 460 2802 quem
479 2739 609 2781 aversos
628 2740 663 2780 se
686 2719 764 2781 trahi
783 2720 949 2798 patiantur.
998 2721 1122 2800 Quibus
1144 2721 1215 2782 vitre

187 2840 304 2900 scopus
325 2831 392 2896 est,
424 2820 544 2882 ventris
567 2819 781 2899 indulgentia,
810 2820 843 2880 in
869 2841 951 2903 quos
969 2822 1073 2897 solos,
1104 2821 1132 2882 si
1155 2843 1215 2884 nn·

186 2941 281 3005 quum
301 2923 376 2984 tales
402 2920 434 2982 in
455 2919 623 2985 Germania
643 2920 762 2983 belluas
781 2918 904 2981 futuras
925 2920 1100 3000 suspicatus
1120 2933 1214 2996 esset,

184 3021 292 3085 dicere
311 3021 415 3104 potuit
436 3021 597 3085 Sallustius
616 3023 679 3084 hoc
699 3042 808 3082 suum:
836 3019 924 3081 multi
946 3024 1093 3083 mortales
1115 3021 1213 3083 dediti

183 3123 286 3187 ventri
316 3133 412 3205 atque
442 3143 577 3196 somno,
620 3120 741 3185 indocti
770 3121 944 3201 incultique
970 3120 1087 3195 vitam,
1121 3121 1213 3185 sicuti

183 3223 424 3303 peregrinantes
446 3221 609 3282 transiere.
648 3221 692 3283 At
711 3241 819 3282 seeum
840 3220 952 3303 aliquis
971 3232 1115 3301 reputet,
1143 3244 1212 3304 quae

181 3321 242 3389 luit
264 3320 316 3382 illa
338 3329 543 3398 tempestate,
574 3319 614 3380 de
636 3320 811 3383 Germaniae
836 3321 962 3401 populis
992 3324 1212 3384 Romanorum

183 3421 310 3503 opinio,
330 3420 429 3482 etsibi
447 3431 520 3481 ante
534 3424 645 3483 oculos
658 3432 772 3500 ponat,
792 3423 884 3504 qtinlc
902 3432 1096 3498 monstrum,
1118 3444 1212 3504 quun

183 3522 318 3586 invisum
336 3520 446 3583 baberi
465 3532 540 3582 tune
557 3523 714 3603 potuerit,
737 3521 793 3583 ista
816 3531 940 3594 nostra,
961 3542 1031 3602 quse
1049 3523 1145 3585 hodie
1164 3535 1212 3587 est

181 3624 262 3705 gulre
278 3620 498 3683 demulcentis.
533 3622 571 3684 In
584 3642 647 3705 qua
661 3620 717 3689 ubi
731 3620 846 3685 bonam
859 3619 928 3683 vitm
942 3632 1063 3702 partem
1076 3622 1209 3706 egimus,

181 3734 213 3794 et
236 3743 274 3785 ea
298 3720 373 3784 inde
400 3721 580 3797 retulimus,
616 3743 686 3804 qu·
711 3719 892 3783 necessario
919 3723 982 3783 boc
1007 3723 1078 3784 vitre
1107 3744 1209 3805 genus

180 3834 376 3907 sequuntur,
413 3819 592 3883 innumeras
619 3821 736 3884 scilicet
763 3820 951 3884 morborum
977 3823 1110 3904 species.
1159 3824 1209 3885 lbi

178 3934 245 3985 tum
263 3943 327 3984 non
343 3924 466 4002 culpam
484 3933 624 3985 nostram
642 3922 860 4004 agnoscimus,
880 3923 937 3984 scd
951 3924 1056 3987 Deum
1076 3945 1208 4007 qnoque

178 4023 370 4085 crudelitatis
396 4042 594 4096 accusamus,
624 4034 657 4086 et
682 4044 754 4085 cum
775 4021 962 4083 morborum
981 4023 1101 4085 semina
1119 4035 1206 4085 tanto

178 4124 271 4186 nobis
291 4122 470 4203 impendio,
502 4134 561 4185 tam
582 4123 703 4207 magnis
725 4119 900 4201 sruuptibus
919 4122 1205 4200 comparaverimus

178 4222 255 4300 ipsi,
292 4234 323 4283 et
342 4224 446 4286 eludes
466 4227 548 4285 ultro
570 4235 693 4287 nostras
714 4225 848 4293 alamus,
885 4241 920 4281 nc
942 4220 1205 4300 patrimoniorum

178 4334 360 4387 nostrornm
377 4325 542 4403 dispendio
555 4324 722 4387 foveamus
741 4322 889 4395 morbos,
909 4330 1014 4382 tamen
1030 4318 1063 4381 in
1078 4324 1204 4403 aggeri-
