2632 5086
188 776 259 875 286
480 794 541 873 lle
564 792 715 895 Gnajaci
740 792 923 883 medicina

577 1074 689 1201 (intur
727 1134 822 1201 XVI.

439 1293 500 1366 De
533 1291 608 1365 sale
640 1315 716 1366 non
742 1293 965 1369 adhibendo.

264 1477 350 1540 inter
375 1494 445 1560 quc
479 1475 519 1539 de
548 1478 612 1541 sale
640 1481 795 1561 quosdam
814 1480 965 1545 sollicitos
990 1483 1076 1566 agit,
1097 1503 1156 1547 cur
1175 1504 1216 1547 eo

137 1634 141 1641 .
187 1598 245 1659 per
271 1588 393 1659 tempus
412 1578 503 1640 dieta
527 1577 623 1659 hujus
652 1580 698 1641 uti
731 1581 862 1645 vetitum
879 1584 939 1658 sit,
966 1602 1040 1647 cum
1060 1584 1217 1648 salubrius

186 1677 306 1763 alioqui
324 1678 400 1742 nihil
417 1681 554 1743 humano
573 1680 702 1761 corpori
718 1681 938 1761 perhibeatur,
961 1703 1021 1745 nec
1039 1682 1216 1764 intelligere

186 1780 364 1857 sedicunt,
386 1781 551 1864 quomodo
571 1793 796 1845 nocumentum
815 1802 858 1845 ex
877 1803 918 1844 eo
938 1782 978 1846 sit
998 1785 1056 1846 hac
1073 1784 1107 1847 in
1125 1785 1216 1866 aegri·

185 1880 313 1956 tudine,
347 1904 418 1965 qure
446 1903 487 1944 ex
515 1881 677 1965 sanguinis
706 1883 913 1964 corruptione
942 1882 1078 1969 ejusque
1108 1898 1217 1966 putre·

181 1962 326 2047 factione
345 1993 412 2045 tota
431 1982 664 2063 proficiscitur,
691 2004 764 2046 cum
782 1985 822 2046 ab
842 1996 983 2068 utroque
1001 1987 1116 2051 horum
1134 2008 1217 2049 unus

185 2087 328 2149 omilium
352 2082 488 2145 maxime
511 2085 555 2145 sal
578 2095 749 2163 preservet
769 2104 806 2145 ac
830 2085 998 2149 vindicet?
1035 2087 1217 2169 Quinetiam

185 2180 330 2267 astringit
356 2186 418 2259 sal,
446 2182 586 2259 exiccat,
613 2185 731 2267 alligat,
761 2197 793 2247 et
818 2187 993 2269 depurgat,
1022 2189 1218 2271 quaomnia

151 2314 158 2333 ,
184 2283 378 2349 eradicando
397 2285 459 2347 hoc
477 2284 609 2361 morbo,
628 2307 750 2349 summe
770 2292 940 2373 querenda
954 2288 1160 2372 putabantur,
1181 2309 1219 2351 ac

184 2386 366 2450 necessario
381 2384 569 2449 adhibenda.
608 2387 749 2452 Primum
765 2390 909 2473 quidem,
928 2411 1045 2472 corpus
1060 2389 1123 2465 ibi,
1143 2391 1219 2472 quia

185 2486 376 2553 dissolutum
398 2497 431 2549 et
456 2507 645 2561 concussum
668 2501 733 2566 est,
761 2489 877 2555 deinde
899 2493 973 2574 quia
996 2490 1029 2553 in
1050 2491 1218 2553 fluctiones

186 2589 338 2653 corrivati
364 2590 534 2666 humores,
566 2590 605 2653 ad
629 2601 822 2667 extremum,
856 2592 945 2675 quod
970 2591 1019 2654 rei
1044 2602 1139 2670 caput
1158 2602 1218 2666 est,

187 2686 263 2771 qiu'a
289 2688 416 2752 vitiatus
449 2708 486 2751 ac
513 2692 610 2755 sorde
639 2691 776 2756 iniectus
806 2691 955 2773 sanguis,
994 2713 1036 2753 cx
1060 2703 1130 2754 toto
1160 2691 1218 2755 im·

185 2798 317 2868 putatus
336 2788 381 2852 ibi
400 2789 552 2876 habetur,
576 2793 792 2876 quoniamque
811 2792 887 2854 nihil
916 2790 1001 2854 aliud
1021 2802 1069 2854 est
1086 2793 1218 2857 morbus

64 2876 70 2891 ’
185 2887 256 2966 liic,
275 2910 370 2974 quam
387 2893 530 2975 quaedam
548 2906 680 2975 propter
699 2892 859 2956 turbatum
884 2892 1085 2975 sanguinem,
1106 2890 1220 2953 immu-

183 3000 248 3055 tata
267 2993 412 3073 corporis
434 2994 629 3058 constitutio.
667 2995 763 3059 Haud
782 2994 892 3071 aliter,
916 3004 1012 3076 atquc
1031 2992 1087 3054 ubi
1105 2991 1218 3054 invasit

185 3097 410 3179 cmpubticam
428 3098 565 3181 aliquam

253 3208 401 3276 Seditio,
423 3209 571 3282 seritque
592 3208 712 3264 animis
733 3205 871 3282 ipnobr'le
887 3206 1019 3280 vulqus,

184 3306 377 3371 dirimuntur
395 3328 542 3368 connexa
563 3306 685 3381 omnia,
715 3326 751 3369 ac
770 3309 844 3369 loco
861 3316 1048 3381 moventur,
1079 3324 1139 3366 nec
1158 3303 1217 3367 sibi

186 3408 361 3483 coltaerent,
380 3405 456 3471 nihil
469 3417 545 3481 stat,
561 3407 637 3469 nihil
651 3407 711 3472 sibi
726 3406 885 3483 consistit,
903 3408 987 3469 nulla
1000 3406 1216 3488 tranquillitas,

186 3509 329 3573 sedatum
350 3507 446 3584 nihil,
483 3508 607 3572 turbata
634 3509 749 3570 omnia.
786 3510 890 3589 Quam
909 3507 1053 3587 corporis
1076 3505 1219 3570 immuta·

185 3610 323 3684 tionem,
338 3608 552 3675 membrorum
571 3609 833 3683 concitationem,
853 3629 891 3670 ac
910 3608 1104 3690 compaginis
1121 3606 1218 3688 hujus

187 3711 440 3797 quassationem,
478 3731 655 3793 omnesque
678 3711 733 3772 has
760 3709 890 3785 turbas,
928 3711 1096 3793 quemdam
1125 3705 1218 3792 quasi

186 3811 464 3898 supervenientem
479 3810 595 3894 pietate
614 3830 744 3894 gravem
760 3829 797 3870 ac
814 3810 934 3874 meritis
952 3812 1073 3885 virum,
1096 3829 1218 3883 senem,
1263 3820 1270 3835 ·

188 3916 423 3998 acprudentem
435 3924 467 3976 et
483 3911 635 3994 primarie
648 3910 682 3972 in
695 3911 857 3991 republica
872 3912 1075 3975 auctoritatis.
1103 3911 1167 3991 Qui
1182 3919 1219 3972 ut

187 4018 240 4080 ille
256 4017 314 4092 ait,
335 4025 424 4098 regat
442 4013 533 4077 dictis
550 4011 670 4075 animos
692 4023 722 4073 et
737 4023 868 4092 pectora
886 4015 1034 4085 mulceat,
1054 4010 1099 4074 sic
1118 4011 1217 4073 inter·

188 4118 351 4187 cedentem
371 4114 536 4179 commotis
555 4112 702 4174 omnibus
722 4115 841 4187 salem,
867 4113 923 4194 qui
941 4111 1096 4173 concitata
1114 4109 1214 4182 sedet,

188 4217 341 4298 dirempta
357 4217 460 4291 uniat,
481 4233 517 4275 ac
533 4222 714 4287 connectat,
736 4211 885 4274 distracta
904 4210 1072 4283 revinciat,
1092 4208 1219 4271 turbata

187 4320 386 4404 tranquillet,
416 4311 562 4381 omnibus
588 4313 748 4395 quietem,
778 4311 979 4373 securitatem
1001 4307 1145 4374 omnstius
1169 4307 1218 4370 in-

189 4422 302 4495 ducat,
328 4412 534 4497 maingando
558 4422 594 4475 ut
620 4411 710 4488 dixi,
741 4410 953 4486 desiccando,
982 4409 1157 4491 alligando,
1183 4420 1218 4473 ct
