2632 5086
792 52 796 63 ,
918 40 949 69 Ι”Ι

91 39 949 315 Π

195 759 255 835 Ad
267 776 397 837 mines
408 754 448 831 in
464 758 664 833 Germania
672 756 862 859 Principes
879 760 1072 858 etc-epist.
1098 767 1169 855 600

144 948 324 1026 venientes,
344 960 381 1014 ιιι
399 949 489 1014 multi
506 962 600 1029 tuno,
619 950 706 1014 forte
719 964 940 1031 occurrerunt,
959 955 1062 1036 palem
1075 954 1167 1021 dixe·

143 1062 233 1126 runt,
253 1053 364 1114 Rome
384 1071 493 1116 omnes
510 1053 573 1114 hoc
589 1052 712 1117 dicere:
733 1050 967 1135 implacabiliter
984 1055 1077 1118 irasci
1088 1054 1166 1120 mihi

144 1151 345 1231 pontificem,
375 1173 449 1215 eum
475 1151 731 1233 persecutionem
759 1153 938 1216 decrevisse
967 1152 1030 1232 jam
1055 1166 1167 1219 contra

145 1271 213 1327 me,
241 1263 388 1335 quantam
411 1252 481 1316 lieri
497 1254 614 1335 possit,
645 1265 801 1317 atrocem:
834 1264 867 1315 et
886 1254 1088 1338 Moguntiam
1108 1254 1165 1319 ubi

146 1352 241 1427 redii,
260 1353 361 1415 lactus
380 1353 508 1415 obviam
526 1353 697 1417 amicorum
720 1374 894 1419 concursus
912 1365 977 1430 est,
1007 1357 1166 1437 gratulan-

147 1453 243 1529 lium,
276 1453 366 1536 quod
385 1451 445 1515 sibi
463 1453 608 1517 redditus
627 1474 744 1518 essem:
775 1474 915 1539 quorum
939 1453 1038 1537 aliqui
1057 1456 1165 1517 admo·

144 1555 218 1615 ‹lum
233 1552 442 1629 mirabantur,
458 1554 547 1636 quod
562 1556 712 1617 viverem.
737 1555 890 1619 Dicebant
905 1555 1007 1629 enirn,
1027 1555 1164 1632 etfama,

141 1674 211 1717 erat
228 1655 362 1735 passim,
394 1673 447 1717 ess
476 1669 546 1718 esse
571 1654 698 1742 iusidias
723 1655 818 1730 mihi,
846 1676 924 1737 quas
952 1654 1165 1721 difficillimum

142 1755 183 1817 sit
204 1754 357 1829 evadere,
389 1774 487 1838 qrure
505 1754 600 1818 etiam
623 1754 685 1832 jam
705 1755 761 1817 diu
779 1757 911 1818 salutem
930 1775 1032 1817 meam
1051 1756 1165 1834 despe-

144 1852 258 1929 ratint,
298 1853 401 1933 ipsum
420 1875 470 1917 me
489 1876 549 1938 pro
568 1857 764 1923 conclamato
781 1876 871 1935 paene
892 1856 1066 1919 habuerint.
1105 1855 1165 1917 Su·

142 1973 337 2035 pm'acrmm
348 1966 397 2017 est
407 1976 493 2020 nunc
505 1975 687 2036 exponere,
698 1956 776 2038 quid
792 1967 942 2036 preterca
955 1955 1165 2017 intellexerim

144 2052 199 2119 ibi.
237 2055 361 2117 Verum
391 2066 427 2117 ut
446 2055 472 2122 F
474 2055 710 2118 rancolurrlium
735 2055 811 2120 inde
840 2055 991 2135 perveni,
1024 2074 1100 2119 ecce
1125 2055 1165 2123 alr

143 2152 249 2217 amicis
269 2155 407 2235 epistolae
427 2176 463 2221 ac
482 2155 604 2231 nuntii,
635 2154 762 2238 quidam
788 2156 881 2217 etiam
907 2165 1076 2236 presentes
1101 2153 1165 2234 ipsi

141 2255 273 2330 docent,
293 2254 356 2335 jam
373 2254 472 2319 literis
490 2256 685 2318 contendere
718 2276 737 2318 a
756 2255 945 2338 quibusdam
973 2253 1005 2315 in
1034 2254 1164 2318 Germa-

141 2354 193 2419 nia
226 2355 422 2438 principibus
453 2357 639 2438 episcopum
675 2356 873 2433 Romanum,
909 2351 1067 2417 nonnullis
1102 2375 1162 2418 suo

141 2457 213 2536 jure
232 2458 326 2519 etiam
345 2457 518 2536 imperare,
550 2467 587 2519 ut
620 2454 760 2517 tinctum
788 2475 837 2517 me
863 2454 999 2517 Romam
1025 2452 1162 2515 mittant:

142 2557 240 2639 idque
273 2576 292 2616 e
311 2555 439 2617 summis
459 2555 533 2632 uni,
566 2571 662 2635 quem
679 2553 741 2616 hoc
763 2552 897 2617 maxime
916 2572 1011 2634 posse
1031 2552 1163 2619 arbitre-

143 2672 209 2730 tur,
227 2654 347 2717 obnixe
362 2654 462 2728 adeo,
478 2665 514 2718 ut
528 2651 590 2715 uisi
602 2650 711 2726 saciat,
730 2653 848 2716 atrocia
865 2652 969 2715 omnia
982 2652 1162 2730 dimin-etur,

142 2775 241 2838 seque
260 2774 327 2816 non
347 2753 479 2816 amicum
498 2754 579 2816 ultra
597 2750 761 2815 denuntiet
778 2752 836 2816 sed
855 2752 1073 2818 inclementem
1089 2753 1163 2818 lore

142 2855 299 2938 praedicat.
337 2853 386 2916 lbi
406 2865 489 2934 tum,
510 2853 567 2938 qui
586 2851 676 2915 amici
693 2853 837 2929 fueraut,
864 2855 964 2919 territi
983 2860 1169 2937 complures.

141 2967 235 3032 suut,
265 2975 302 3017 ac
330 2952 435 3017 animo
464 2957 612 3038 percum.
657 2953 773 3038 Neque
801 2952 844 3015 ita
867 2955 1075 3036 langeport,
1105 2955 1163 3038 qui

141 3057 310 3122 imbecilles
339 3070 446 3141 erant,
480 3076 541 3119 nec
570 3056 677 3119 animis
706 3053 851 3118 valebant
881 3053 973 3129 sads,
1003 3052 1162 3118 abstinere

140 3171 314 3242 coeperunt.
361 3144 441 3223 Nau
462 3158 518 3219 vix
537 3157 613 3221 dum
631 3154 774 3240 agnitum
791 3162 875 3230 erat,
904 3173 980 3217 vera
997 3152 1161 3218 monuisse

140 3261 216 3336 ltus,
250 3280 350 3343 quum
378 3259 439 3320 alia
467 3256 622 3322 continuo
647 3257 747 3333 fama,
782 3255 859 3320 alius
886 3265 992 3318 terror
1018 3252 1159 3332 accedit,

140 3360 251 3423 eadem
270 3361 354 3442 apud
375 3357 526 3422 Carolum
550 3377 661 3442 regem
678 3355 788 3422 conari
807 3355 975 3442 quemdum
1000 3354 1159 3438 pontificis

141 3469 318 3523 oratorem:
343 3461 440 3544 eique
459 3458 499 3522 ab
517 3460 571 3530 illo
589 3460 823 3538 demandatum,
848 3469 886 3522 ut
901 3458 1013 3522 ubiubi
1031 3459 1159 3536 incidat,

141 3561 404 3641 comprehensum
421 3579 473 3625 me
488 3560 699 3644 adgrediatur.
736 3561 843 3641 Quare
862 3557 971 3637 etiam,
981 3570 1026 3622 -ut
1037 3559 1159 3644 ubique

140 3660 202 3722 lroc
221 3658 281 3722 sibi
305 3680 364 3739 per
382 3660 582 3726 Germaniam
600 3663 711 3740 liceat,
738 3662 955 3725 auctoritatem
975 3659 1082 3726 Caroli
1100 3662 1158 3725 de·

139 3771 250 3844 poscat
267 3758 342 3835 sibi;
367 3771 404 3832 et
420 3761 510 3845 quod
527 3760 562 3825 in
580 3762 695 3826 ultimis
713 3761 783 3828 lieri
801 3763 896 3843 solet,
921 3761 1082 3829 brachium
1100 3784 1158 3827 sas·

142 3865 246 3926 cularc
273 3860 431 3944 imploret.
485 3858 546 3924 liis
575 3872 623 3925 tot
648 3875 735 3927 tanto
761 3882 836 3927 cum
861 3865 996 3941 horrore
1022 3859 1156 3941 objectis

141 3964 264 4042 subito,
293 3983 393 4047 quum
419 3960 545 4026 videam
571 3965 665 4046 plane
692 3965 764 4028 fieri
795 3961 875 4051 jam,
907 3984 977 4051 quae
1003 3960 1154 4043 cogitari,

140 4067 324 4150 prinsquam
351 4061 535 4142 audiissem,
562 4085 629 4129 uon
655 4065 866 4144 credideram,
896 4074 930 4129 et
952 4083 991 4129 aa
1008 4063 1157 4126 hacteuus

143 4166 200 4230 sim
218 4166 360 4246 molitus,
380 4186 452 4247 que
470 4185 543 4231 cum
560 4167 690 4249 publico
709 4167 797 4230 bono
808 4176 843 4231 et
853 4167 960 4249 patriae
975 4163 1156 4242 commodo,

143 4284 293 4332 summam
320 4269 531 4344 honestatem,
565 4269 713 4351 optimam
739 4252 849 4342 fidem,
881 4287 918 4330 sc
939 4283 1049 4347 veram
1068 4251 1101 4329 ih
1121 4284 1157 4330 ss

143 4366 328 4450 religionem
346 4370 608 4446 complectantum
642 4381 674 4436 et
694 4392 763 4452 quae
783 4389 929 4436 accusare
955 4387 1022 4431 nou
1049 4366 1156 4443 liceat,
1203 4387 1216 4399 ·

177 4495 244 4543 llutt.
263 4495 308 4555 09.
325 4495 352 4544 Τ.
369 4492 414 4554 lli,
823 4484 868 4558 39
