2632 5086
339 773 395 847 ad·
413 772 603 848 Albertum
627 772 787 874 Princip.
812 772 872 851 lib.
1043 778 1114 852 265

94 964 241 1030 Triccnis
268 987 380 1048 magna
405 989 477 1049 pars
504 966 628 1043 diebus,
673 969 760 1050 Quin
784 968 910 1033 decimo
935 966 986 1034 die
1012 969 1117 1035 atum

89 1070 165 1133 duci
181 1070 298 1131 iterum
315 1067 437 1149 jubent.
475 1070 601 1132 Idcirco
620 1068 756 1132 arbitrur
774 1072 864 1157 quod
883 1083 920 1134 ut
935 1072 1117 1136 Alexander

90 1169 328 1247 Apluodisiaeus
348 1183 454 1252 putot,
485 1161 806 1233 famescentcs'sollto
825 1170 888 1234 cibi
908 1194 969 1241 usu
988 1182 1116 1253 proter·

88 1271 204 1345 misso,
230 1270 400 1345 vilescunt,
430 1282 461 1332 et
479 1271 638 1333 materiam
658 1285 832 1355 aggregant
849 1271 1015 1337 acriorem.
1052 1272 1115 1337 lte·

89 1393 154 1453 que
182 1372 223 1432 dc
249 1370 456 1453 purgatione,
490 1373 579 1454 quod
606 1370 651 1434 ric
677 1373 843 1435 collectum
862 1385 910 1436 est
929 1373 1114 1447 extrahitur,

89 1484 125 1532 ut
151 1491 287 1532 vacuum
312 1470 442 1534 monent
460 1472 535 1554 regri
555 1492 681 1551 eorpus.
720 1474 762 1535 Et
780 1484 857 1536 tune
875 1474 1004 1555 <pridem
1022 1496 1115 1541 mane

89 1595 155 1635 nou
182 1574 325 1649 bibitur,
364 1575 402 1636 ud
433 1585 560 1636 noctem
590 1573 690 1635 statim
718 1574 842 1639 reditur
867 1576 906 1636 od
939 1575 1116 1656 potionem,

89 1697 125 1737 ec
151 1686 224 1754 post
249 1697 322 1738 cum
348 1676 433 1738 diem
453 1674 569 1757 largius
591 1675 764 1739 adsumitur
783 1676 883 1739 citum
929 1676 1113 1760 lterumque

88 1775 244 1851 uicesimo
273 1775 452 1850 liberalius3
491 1796 680 1860 quamquam
699 1773 794 1839 debet
813 1789 843 1838 et
863 1777 924 1861 hoc
942 1772 1114 1851 liberalius,

89 1890 120 1936 ct
142 1876 217 1936 illud
235 1878 370 1957 largius,
390 1897 501 1956 purum
522 1864 672 1959 ‹pridduni
691 1895 777 1953 esse,
797 1888 833 1943 ut
846 1876 992 1960 sequenti
1011 1876 1113 1960 capite

91 1978 265 2039 ostendam.
311 1979 408 2059 Quod
434 1988 581 2063 caventes
607 1977 750 2061 quidum,
781 1998 823 2041 ne
845 1979 933 2061 quod
951 1978 1113 2041 medicine
1180 1994 1189 2015 ··

90 2078 267 2156 operationi
284 2078 540 2158 impedimentum
559 2077 633 2141 inde
650 2078 829 2153 accederet,
848 2088 934 2142 totos
952 2076 1115 2162 equaliter

88 2179 216 2259 triginta
242 2178 327 2255 dies,
365 2201 459 2242 unmn
488 2180 604 2242 edendi
628 2182 730 2262 legem
757 2191 947 2256 tenuerunt,
981 2182 1112 2244 omnino

88 2290 176 2340 tanto
208 2279 320 2342 melius
357 2281 558 2364 celeriusque
592 2284 739 2364 provenit
779 2281 995 2360 juvamentum
1032 2284 1111 2359 lroe,

87 2393 208 2464 qrrunto
237 2380 308 2465 quis
337 2381 455 2445 lortius
486 2380 692 2446 esuritionbm
725 2383 812 2446 lcrre
843 2383 958 2463 potuit.
997 2383 1112 2465 Urget

87 2496 192 2545 autern
218 2481 317 2565 magis
342 2504 379 2545 ec
402 2482 502 2564 magis
525 2484 627 2547 indies
646 2484 761 2547 edendi
781 2483 928 2558 aviditas,
956 2482 1013 2544 ced
1033 2500 1110 2546 uon·

87 2586 190 2647 tinere
208 2605 244 2646 se
260 2583 411 2667 quisque,
434 2595 539 2648 certus
557 2585 678 2660 saturis,
698 2584 725 2648 si
742 2586 776 2648 id
793 2584 903 2661 faciat,
922 2582 1108 2647 meminerit.

87 2685 140 2746 Sic
167 2684 336 2749 decoctum
360 2684 443 2753 euim
472 2696 504 2745 et
536 2685 731 2748 exinanitum
765 2707 901 2769 corpus,
934 2706 999 2749 non
1025 2682 1109 2747 lame

88 2795 229 2857 tuntum,
249 2783 305 2847 scd
319 2782 486 2848 sudoribus
501 2784 645 2848 etiamad
660 2780 903 2851 irrtcrmortuum
916 2780 988 2863 diu,
1003 2782 1108 2848 morbi

87 2882 305 2959 insectatione,
332 2882 396 2950 cibi
412 2906 448 2967 pc
469 2896 564 2966 potus
593 2886 803 2969 appetentiam
825 2887 920 2952 redit.
963 2886 1027 2952 Ubi
1046 2885 1109 2967 jun

87 2986 126 3048 ml
144 2990 239 3047 linem
259 2984 428 3050 curationis
446 2998 631 3068 perventum
648 3000 713 3064 est,
732 2999 769 3049 ut
783 2992 884 3070 prop'c
902 2987 1013 3067 egredi
1031 2985 1109 3049 velit

85 3109 187 3169 nger,
220 3082 408 3175 sumendum
432 3086 548 3151 iterum
574 3089 663 3172 quod
692 3099 808 3170 purget
835 3087 1108 3161 medicamentum,

83 3189 139 3249 ried
160 3186 202 3248 itu
228 3196 264 3247 ut
285 3199 358 3267 post
378 3189 617 3272 purgationem,
652 3201 792 3273 quatuor
817 3199 874 3251 out
897 3208 955 3252 sex
981 3208 1109 3253 nusum

82 3289 195 3351 diebus
224 3299 259 3350 ut
290 3288 378 3368 prius
408 3288 545 3353 bibatur.
594 3292 699 3368 Quem
726 3288 881 3353 curationi
908 3288 981 3352 huic
1007 3284 1108 3352 Colu-

83 3384 221 3469 plroncnr
249 3385 340 3473 quasi
368 3387 533 3471 imponere
562 3388 684 3471 jubent.
735 3390 814 3453 Sunt
843 3390 900 3474 qui
925 3389 1108 3471 praecipiant

83 3491 234 3551 conclave
254 3488 309 3551 ubi
331 3512 414 3571 roger
433 3491 543 3568 cubat,
573 3513 639 3554 non
658 3490 893 3566 excedendum,
921 3490 1106 3575 priusquam

83 3589 186 3650 omnis
203 3588 235 3650 iu
252 3600 352 3653 totum
369 3591 497 3654 morbus
515 3592 553 3660 sit
571 3592 716 3664 abactus,
735 3603 768 3654 ct
784 3592 927 3655 restituta
944 3594 1105 3657 valetudo.

82 3688 149 3753 Atii
175 3689 301 3772 triginta
314 3691 388 3753 dies
413 3693 485 3754 satis
509 3712 581 3775 esse
600 3704 728 3775 putant,
758 3692 874 3776 quibus
898 3694 1105 3756 concludatur

84 3789 174 3872 quie,
194 3801 267 3869 post
284 3790 372 3853 exire
387 3814 497 3871 posse,
519 3794 700 3869 redeunte,
721 3803 753 3854 et
768 3792 894 3876 longius
913 3814 949 3854 ac
965 3794 1103 3868 lomim,

79 3910 142 3951 uec
162 3888 195 3950 in
214 3901 356 3972 apertum
373 3893 492 3965 statim,
518 3894 575 3955 sed
592 3894 726 3973 primum
744 3894 825 3956 intra
841 3893 992 3976 parietes,
1013 3894 1103 3955 etde

77 4012 146 4052 uno
161 3993 322 4053 coenaculo
341 3982 471 4055 in'alind
484 3993 753 4072 inambulaudum,
778 3995 895 4058 deinde
911 3996 950 4056 ad
967 3983 1102 4058 ricinum

76 4093 213 4176 aliquem
244 4115 312 4176 non
339 4095 465 4181 longius
491 4096 639 4172 domum,
675 4096 779 4158 doneb
803 4095 890 4159 ferre
917 4099 1022 4158 adrem
1047 4098 1102 4160 ad·

77 4206 209 4256 nrcscut.
256 4195 342 4257 Nihil
363 4196 446 4258 cuim
467 4207 599 4278 repente
618 4196 731 4259 mutari
749 4196 844 4259 debet
863 4196 925 4272 ibi,
954 4197 1100 4261 omuibus
1188 4202 1197 4213 '

77 4296 223 4359 oculatim
262 4296 523 4361 atliuesccndum.
573 4298 670 4378 Quod
707 4310 851 4381 superest
884 4299 990 4362 morbi
1028 4311 1102 4381 post

77 4416 241 4483 egressum
266 4399 432 4461 celerrime
452 4418 614 4462 surrsccrc
634 4398 739 4480 ajunt,
769 4398 868 4483 idque
886 4400 929 4461 ita
950 4420 1038 4473 csse,
1068 4398 1101 4460 in
