2632 5086
145 782 192 856 st
421 781 478 853 Ad
502 779 606 854 Bilib.
632 779 883 853 Pirckhcimer

142 973 237 1037 atatis
255 973 417 1035 fervorem
432 972 591 1055 mitigavi,
613 973 755 1034 nondum
772 971 903 1034 meritus
925 992 1012 1047 sum,
1042 983 1079 1034 nt
1094 994 1167 1037 cum

142 1074 283 1154 Epicuro
303 1076 430 1148 lateam,
461 1075 517 1154 qui
535 1074 575 1134 ad
600 1072 699 1134 otium
721 1073 850 1155 <pridem
872 1071 999 1148 invitat,
1030 1074 1089 1136 sed
1111 1074 1167 1136 otii

100 1236 104 1253 ,
142 1178 201 1254 (ne
221 1174 348 1250 dubita)
382 1193 546 1255 capacem,
579 1184 630 1248 ut,
659 1172 684 1235 si
705 1173 800 1234 hodie
821 1172 1004 1248 reviviscat,
1033 1185 1067 1233 et
1094 1193 1167 1236 eru·

142 1275 293 1337 dieudum
309 1294 359 1336 me
375 1273 524 1352 accipiat,
544 1293 610 1333 non
623 1272 710 1352 prius
724 1273 764 1333 ad
776 1273 844 1335 illas
857 1284 1021 1353 rapturum
1032 1273 1174 1357 latebrae

140 1374 347 1448 crediderim,
383 1396 477 1456 quarn
500 1372 540 1433 sit
559 1372 676 1454 aliquid
702 1373 881 1453 cognitum,
913 1372 1031 1456 aliquid
1054 1386 1167 1437 actum.

141 1477 238 1557 Quod
254 1486 284 1537 tc
301 1474 383 1538 scire
398 1484 544 1553 oportet,
563 1493 630 1534 non
641 1474 795 1535 fluctuare
812 1493 880 1547 mc,
902 1485 935 1535 et
946 1473 1028 1536 inter
1040 1475 1166 1538 diversa

140 1575 319 1658 ambigere,
340 1573 397 1637 sed
414 1574 564 1656 quiddam
578 1572 738 1648 statuisse,
760 1584 791 1635 et
806 1572 924 1657 aliquid
941 1593 1028 1651 esse,
1050 1574 1164 1657 inquo

139 1666 262 1741 defixus
283 1679 433 1749 haeream;
454 1696 520 1759 quo
534 1675 620 1736 illum
635 1672 769 1753 dirigam
788 1674 859 1736 vitae
877 1694 1002 1748 arcum;
1022 1673 1062 1733 ad
1077 1673 1165 1756 quod

138 1776 236 1841 libere
256 1789 288 1838 et
312 1775 482 1857 proposito
508 1775 712 1836 contendam:
744 1776 800 1836 sed
819 1774 922 1836 alieno
943 1774 1010 1835 sine
1034 1773 1166 1836 admini-

138 1881 208 1941 culo
239 1876 410 1958 pervenire
441 1877 617 1955 desperem.
679 1875 790 1957 ltaque
821 1874 907 1936 illum
933 1885 1009 1955 peto
1040 1896 1082 1936 ex
1108 1875 1165 1936 hac

138 2000 228 2041 nassa
254 1977 379 2050 cibum,
411 1975 500 2050 huic,
533 1974 706 2048 Bilibalde‚
743 1974 849 2036 itineri
875 1975 1033 2036 viaticum.
1073 1974 1164 2056 Opus

137 2089 184 2141 est
203 2076 286 2138 enirn
304 2075 395 2150 mihi,
422 2087 457 2135 ut
477 2095 651 2155 emergam,
682 2072 807 2135 aliunde
829 2075 977 2156 (quaesitis.
1016 2075 1054 2136 ld
1076 2075 1166 2158 quod

137 2176 170 2239 in
187 2179 257 2239 aula
280 2176 351 2237 lieri
372 2174 537 2258 quomodo
557 2173 675 2254 possit,
709 2174 836 2237 etmihi
857 2197 951 2258 quam
970 2176 1078 2250 facile,
1111 2187 1166 2239 aut

137 2299 232 2361 quam
252 2275 376 2339 difficile
396 2274 451 2349 sit,
482 2285 616 2336 nonest
638 2295 723 2336 nunc
746 2277 834 2337 locus
855 2297 1030 2356 exponere.
1068 2277 1165 2339 Haud

136 2390 167 2439 te
187 2378 296 2439 latebit
318 2389 439 2451 tamen,
475 2375 544 2435 vitre
569 2395 644 2436 mere
664 2375 838 2438 subsidium
865 2377 998 2460 qualiter
1022 2389 1164 2459 captem,

137 2479 307 2562 aliquando
332 2477 415 2539 euim
436 2476 553 2550 dicatu,
583 2498 650 2537 uon
671 2498 729 2555 per
747 2477 966 2557 interpretem,
997 2491 1050 2540 aut
1066 2478 1164 2542 literis

136 2577 355 2649 internuntiis,
377 2577 433 2638 sed
450 2577 536 2638 solus
555 2576 624 2636 soli.
663 2577 715 2637 Ad
735 2598 869 2657 presens
888 2600 966 2639 vero
983 2579 1056 2641 satis
1071 2579 1164 2651 habe,

138 2678 170 2739 id
197 2677 295 2751 scire,
328 2677 417 2758 quod
441 2676 535 2738 toties
568 2687 696 2756 repeto,
730 2677 907 2739 necessario
939 2701 990 2741 me
1020 2680 1095 2762 cogi
1124 2680 1166 2743 ad

136 2780 236 2842 aulica
257 2778 419 2853 obeunda,
440 2777 495 2838 ubi
514 2777 557 2839 ita
576 2798 626 2838 me
645 2779 839 2856 explanabo,
871 2778 913 2840 ita
932 2780 1090 2853 dilatabo,
1126 2792 1164 2843 ut

137 2879 366 2963 quamprimum
386 2878 602 2953 occasionem,
629 2900 698 2961 quac
712 2898 746 2938 se
771 2878 873 2953 dabit,
903 2900 1016 2960 spero,
1037 2882 1165 2945 nonita

135 2983 234 3043 multo
258 2991 348 3062 post,
381 2991 508 3054 nactus,
543 2981 723 3041 contraham
744 2990 776 3040 et
800 2979 968 3041 subsidam.
1016 2981 1115 3060 Quod
1136 2981 1166 3046 si

134 3082 192 3143 tibi
212 3093 351 3143 mutasse
374 3091 486 3142 statum
510 3079 663 3156 videbor,
696 3091 728 3139 et
753 3081 967 3143 conditionem
994 3084 1163 3160 alterasse,

135 3182 228 3244 animi
260 3181 401 3242 adfectus
432 3203 498 3243 non
524 3180 673 3241 sidcbor:
711 3179 753 3241 ita
782 3180 865 3241 dabo
893 3202 1022 3261 operam
1057 3182 1164 3260 enim,

137 3284 295 3344 lluttenus
315 3294 472 3361 perpetuo
494 3282 566 3354 sim,
597 3302 680 3342 uere
706 3303 846 3363 unquam
866 3283 1009 3343 desertor
1033 3284 1096 3344 mei
1115 3284 1164 3347 in·
1210 3264 1217 3273 ⁴

136 3381 263 3455 reniar;
283 3383 339 3442 scd
360 3383 519 3464 acqualiter
542 3401 599 3460 per
616 3381 784 3463 inaequales
800 3383 871 3442 vitae
892 3395 978 3445 actus
997 3395 1032 3444 ut
1055 3386 1165 3449 dcam·

135 3484 253 3546 bulem.
303 3483 376 3543 Sine
402 3481 500 3561 igitur
526 3483 564 3543 ad
584 3493 705 3562 tempus
725 3483 783 3544 illis
807 3505 858 3544 me
879 3484 1038 3546 venditem
1056 3487 1164 3548 curio-

135 3584 247 3645 nibus:
282 3582 350 3644 sine
368 3582 532 3670 paulisper
551 3581 693 3660 ineptum
718 3606 803 3657 csse,
837 3584 883 3645 sic
905 3585 989 3646 enim
1007 3586 1058 3648 ille
1076 3587 1163 3667 apud
1214 3584 1220 3593 '

135 3682 328 3747 Ciceronem
357 3684 437 3744 hanc
460 3682 519 3742 sibi
540 3680 665 3743 veniam
692 3683 853 3762 deposcit:
888 3666 972 3760 sirie,
1010 3686 1162 3768 iuquam,

135 3783 289 3847 inservire
307 3781 517 3863 temporibus3
537 3781 598 3842 nisi
609 3784 670 3843 lroc
685 3793 719 3844 tu
733 3783 913 3867 indulgeas,
934 3807 1036 3869 cogor
1048 3800 1163 3870 praeter

134 3884 334 3964 imperatoris
351 3881 472 3963 jussum
486 3881 652 3943 stationem
669 3883 828 3946 deserere.
868 3887 930 3948 Sed
948 3898 1044 3967 puto,
1065 3889 1161 3965 sines,

136 3997 190 4045 aut
207 3984 374 4046 consilium
400 3984 492 4044 etiam
517 3981 621 4056 dabis,
656 4006 721 4064 quo
750 4007 819 4046 urea
838 4005 888 4047 me
914 3987 994 4065 rapit
1013 3988 1161 4066 fortuna,

136 4095 188 4146 aut
208 4105 273 4167 quo
294 4084 407 4157 latum,
427 4081 552 4161 potius,
573 4103 613 4143 eo
633 4082 726 4157 ferri,
749 4085 867 4166 (puppe
887 4085 995 4162 feror,
1014 4090 1163 4153 sednon

135 4183 274 4246 invitus..
303 4183 428 4257 Ducor,
449 4182 506 4243 sed
525 4182 639 4243 comite
659 4186 797 4260 ratione,
826 4189 913 4247 nullo
934 4187 1072 4267 inipetu,
1104 4212 1163 4255 ne-

137 4307 200 4367 que
213 4283 376 4357 irazteror,
398 4295 432 4343 ut
449 4306 531 4358 uon,
553 4287 794 4366 quamprimum
806 4289 927 4362 volatu,
947 4300 1000 4349 aut
1016 4293 1162 4371 receptui

136 4397 225 4447 cautu
235 4386 287 4447 illa
295 4385 366 4446 vitae
378 4385 445 4450 dux
458 4385 556 4463 ratio,
575 4388 690 4465 pedem
701 4388 822 4449 rel'erre
838 4386 947 4463 liceat,
967 4410 1005 4452 ac
1017 4392 1163 4455 satietate
