2632 5086
336 764 382 834 ad
405 761 594 834 Albertum
622 757 871 858 Principr¹lib.
1044 768 1121 839 286·

90 958 228 1030 tribnat,
269 952 312 1016 illi
341 952 516 1018 fomentum
545 963 582 1016 ut
609 951 658 1015 ait.
710 952 762 1014 Sic
793 954 886 1019 habet
919 966 1011 1019 vetus
1039 976 1114 1036 pro·

89 1055 251 1125 verbium:
292 1056 461 1138 Nunquam
489 1055 587 1117 fames
610 1032 762 1117 adulte'ria
787 1055 908 1136 genuit.
951 1057 994 1117 Et
1012 1054 1114 1119 aliud:

90 1159 166 1220 Sine
190 1153 313 1219 Cerere
336 1168 368 1218 et
393 1156 518 1218 Bacclto
543 1152 640 1236 friget
659 1153 781 1216 Venus.
827 1155 977 1220 Aelianus
1008 1155 1116 1219 scribit

91 1260 263 1320 Zaleucum
296 1246 492 1319 Locrensem
518 1257 729 1339 legislatorem
762 1255 872 1319 vinum
899 1257 988 1338 egris
1010 1259 1116 1338 prolri·

89 1359 197 1421 bnisse
218 1357 340 1435 injussu
359 1355 473 1418 medici
493 1376 586 1437 paena
603 1354 712 1436 capitis
732 1354 839 1418 indita.
880 1358 977 1438 Quod
1000 1357 1026 1419 si
1049 1379 1115 1420 non

90 1460 192 1528 foret,
224 1457 317 1519 etiam
339 1477 358 1519 e
379 1455 511 1533 Guajaci
534 1467 646 1521 natura
672 1458 834 1521 Venerem
854 1480 920 1521 non
939 1462 1021 1539 pati,
1047 1470 1079 1520 et
1098 1480 1117 1521 a

90 1558 167 1620 vino
187 1558 374 1644 abhorrepm
403 1568 507 1619 tamen
525 1557 764 1628 infensissimam
784 1582 854 1623 esse
882 1581 972 1636 earn,
1006 1560 1117 1637 buius·

89 1659 177 1722 modi
201 1657 437 1741 aegritudinibus
457 1670 607 1739 correpto
631 1661 780 1740 corpori,
812 1661 897 1742 pleni
925 1671 997 1723 sunt
1016 1658 1118 1724 metli-

91 1784 203 1824 cornm
221 1761 308 1835 libri,
328 1771 460 1840 propter
476 1760 623 1823 articulos
641 1759 800 1841 inprimis,
826 1762 904 1823 male
929 1760 973 1820 ibi
994 1780 1117 1839 semper

91 1865 244 1925 arlfectos.
278 1864 384 1942 Quare
401 1860 493 1922 etiarn
507 1860 608 1923 refert
621 1859 734 1923 Celsus
751 1861 784 1923 in
800 1872 924 1927 artuum
939 1859 1115 1936 doloribus,

93 1964 265 2045 quosdam,
286 1982 359 2023 eum
377 1981 443 2021 nno
460 1980 543 2022 anno
565 1982 583 2022 a
605 1960 699 2036 vino,
719 1962 822 2024 mulso
842 1973 874 2022 et
889 1962 1036 2036 Venere,
1056 1960 1120 2025 sibi

93 2073 332 2141 temperassent,
348 2060 546 2123 securitatem
565 2059 660 2123 totius
676 2060 746 2122 vitre
763 2073 989 2144 conseqnntos.
1010 2064 1119 2145 Atque

92 2163 176 2224 idem
193 2160 325 2245 colligit,
346 2181 419 2223 raro
434 2163 486 2224 vel
510 2173 676 2237 castratos,
696 2164 748 2224 vel
764 2183 881 2244 pueros
899 2172 969 2224 ante
985 2160 1119 2226 foeminae

92 2261 312 2337 concubitum,
333 2273 365 2324 et
382 2261 545 2336 mulieres,
567 2262 627 2324 nisi
644 2263 761 2345 quibus
777 2274 934 2331 menstrua
950 2282 1119 2347 suppressa
1150 2285 1152 2288 ·

91 2363 172 2438 sint,
199 2375 320 2424 tentare
345 2381 420 2424 eum
448 2361 605 2425 morbum.
652 2365 731 2426 lllnd
759 2384 826 2424 non
851 2365 1116 2443 praetereundum,
1206 2408 1209 2413 -

91 2465 181 2546 quorl
200 2463 297 2526 estin
320 2463 565 2544 problematibus
586 2464 779 2537 Alexandri,
803 2484 914 2547 aquarn
929 2463 984 2546 qui
998 2463 1116 2540 bibant,

91 2564 238 2641 sensibus
255 2582 324 2624 esse
341 2583 436 2644 qnam
458 2561 535 2623 alios
552 2563 697 2628 omnibus
715 2564 882 2626 acutiores.
912 2564 992 2630 Nam
1009 2562 1119 2626 vinum

91 2662 247 2742 spiritales
266 2660 400 2722 maximo
419 2662 486 2723 vias
508 2662 692 2738 obstruere,
734 2675 765 2727 et
791 2686 902 2727 sensus
929 2662 1119 2728 obtundere.

93 2765 135 2824 Fr
157 2761 274 2823 Cicero
288 2759 348 2821 ait:
375 2759 495 2823 Vinum
516 2763 641 2843 egrotis
662 2763 736 2846 qiua
754 2764 886 2843 prodest
904 2785 996 2835 raro,
1022 2775 1120 2827 nocet

96 2860 282 2940 saepissime,
314 2858 423 2922 melina
447 2873 494 2924 est
520 2882 585 2923 non
612 2863 778 2939 adhibere,
811 2885 904 2948 quam
932 2885 989 2947 spe
1015 2865 1119 2928 dubiae

94 2961 201 3024 salutis
231 2959 265 3022 in
292 2970 432 3040 apertum
455 2962 630 3042 periculum
655 2963 827 3027 incurrere.
866 2966 1042 3028 arvenos
1069 2972 1119 3029 ut-

92 3080 221 3144 cunque
247 3059 353 3123 habito
381 3061 510 3124 bomine
538 3074 682 3125 ventrem
709 3063 899 3145 refrigerat,
935 3076 968 3125 et
987 3063 1119 3141 exiccat,

92 3172 170 3223 teste
199 3161 396 3236 Aristotele,
432 3161 582 3243 quoniam
607 3162 640 3224 in
668 3163 909 3226 concumbendo
937 3162 1120 3227 excernitur

91 3266 195 3338 calor,
220 3273 315 3323 etex
335 3261 564 3343 evaporatione
585 3283 654 3344 quac
675 3264 710 3326 fit
730 3264 774 3325 ibi
793 3263 917 3327 siccitas
936 3264 1028 3328 redit.
1066 3268 1121 3333 En

93 3364 295 3426 sobrietatem
321 3373 355 3425 et
380 3362 612 3438 castimoniam,
641 3365 707 3428 duo
730 3363 923 3429 sanctissima
941 3364 1011 3427 vitae
1031 3367 1119 3431 insti·

92 3474 177 3537 tuta,
197 3464 370 3543 principem
387 3465 445 3526 hae
475 3461 553 3528 inre
573 3464 845 3538 observationem,
866 3484 1020 3528 summurn
1039 3488 1120 3548 pre·

95 3573 236 3642 ceptum,
257 3565 304 3627 rei
324 3574 436 3645 caput,
458 3576 549 3627 extra
566 3567 654 3647 qnod
669 3566 843 3646 pericnlum
863 3575 1006 3629 nonest.
1038 3567 1120 3633 Nam

96 3664 136 3725 de
163 3665 228 3727 aliis
247 3664 294 3728 ibi
311 3665 471 3748 fugiendis
498 3666 581 3728 haud
608 3666 740 3745 perinde
766 3664 992 3742 metuendum,
1029 3668 1121 3748 quod

95 3763 280 3829 medicinam
296 3776 459 3829 morantur
488 3766 635 3847 quidem,
663 3776 716 3828 aut
744 3764 873 3825 omnino
900 3755 994 3828 eliani
1019 3764 1118 3846 impe·

95 3862 203 3938 diunt,
223 3863 293 3926 vitas
310 3876 415 3929 tamen
433 3864 474 3926 ad
492 3863 661 3927 discrimen
680 3885 747 3933 non
765 3863 929 3927 inducunt.

511 4156 703 4178 *¹-
