2632 5086
208 805 278 879 aas
374 802 435 875 De
461 800 606 874 Unitate
631 799 773 878 Ecclcs.
800 797 1057 871 conservanda

207 994 266 1057 illis
286 1003 466 1069 cesserunt,
494 1003 548 1054 aut
572 992 722 1054 scelerate
741 988 920 1053 ementitam
942 985 1140 1052 Constantini
1168 988 1230 1053 do-

207 1096 364 1158 nationem
383 1104 481 1157 ratam
499 1095 692 1167 habuerunt,
725 1101 778 1151 aut
803 1087 1023 1169 jusjurandum
1042 1088 1119 1150 inito
1140 1091 1230 1170 prin·

207 1194 311 1275 cipatu
329 1194 521 1257 reddendam
541 1192 599 1255 illis
622 1190 753 1273 dignum
775 1190 953 1265 duxerunt,
984 1200 1038 1252 aut
1055 1190 1095 1252 ab
1114 1212 1229 1255 eorum

205 1296 339 1376 pedibus
367 1304 556 1375 acceperunt
580 1291 816 1373 imperatorium
842 1289 1001 1363 diadema,
1029 1301 1082 1353 aut
1101 1301 1229 1352 senten-

204 1396 277 1458 tiam
302 1395 335 1457 in
361 1415 395 1456 se
426 1396 530 1458 dicere
557 1393 640 1475 passi
667 1404 758 1469 sunt,
786 1403 838 1454 aut
864 1413 920 1454 sua
940 1391 1059 1466 edicta,
1088 1413 1233 1474 suasque

204 1499 289 1577 leges
310 1496 348 1557 ab
371 1496 495 1557 illorum
519 1494 796 1556 constitutionibus
815 1491 970 1573 supprimi
988 1494 1142 1566 tulerunt,
1175 1503 1231 1553 aut

204 1595 402 1659 Germaniam
419 1594 587 1678 quotannis
604 1594 832 1674 compilandam
851 1578 914 1654 inis*
926 1592 1155 1671 permiserunt,
1176 1605 1232 1656 aut

204 1699 243 1760 ad
270 1697 434 1778 palliorum
463 1694 686 1778 episcopalium
714 1695 823 1757 Roma
844 1704 1036 1767 mercatum,
1063 1693 1230 1756 veniarum

200 1797 274 1872 hio,
300 1795 589 1875 dispensationum,
620 1795 807 1877 gratiarum,
838 1804 870 1854 et
889 1794 991 1854 omnis
1011 1793 1138 1874 generis
1158 1792 1231 1856 bul-

199 1900 300 1961 larum
325 1895 569 1958 nundinationis
596 1895 818 1957 conniverunt.
857 1894 943 1973 Quid
980 1894 1081 1956 dicam
1109 1895 1149 1954 de
1179 1894 1228 1956 his

200 1997 303 2071 enirn,
324 1996 380 2076 qui
400 1996 534 2076 petenda
554 1995 663 2058 Romae
684 1995 790 2057 omnia
809 1994 1025 2075 putaverunt?
1043 1993 1156 2056 suifiu
1177 1994 1228 2070 iis,

198 2118 264 2158 non
287 2096 379 2171 (lico,
408 2095 608 2176 imperatoria
626 2095 784 2177 dignitas,
814 2095 871 2156 sed
895 2095 972 2168 luit,
1004 2093 1074 2173 ajo,
1106 2096 1229 2157 animo·

198 2216 269 2258 rum
288 2196 353 2270 ris,
375 2206 429 2257 aut
448 2197 544 2258 ullum
563 2195 625 2256 tuit
646 2195 810 2257 Germana
824 2195 948 2256 virtutis
964 2196 1229 2258 monumentum?

198 2296 345 2375 Quorum
373 2295 455 2356 sicut
479 2295 601 2375 pudere
628 2315 685 2356 nos
712 2295 826 2369 debet,
856 2297 899 2356 ita
929 2315 970 2355 ex
991 2296 1119 2356 Henrici
1143 2296 1202 2357 IV.
1212 2340 1224 2372 ‚

197 2388 360 2458 fortissimi
387 2415 423 2455 ac
449 2394 675 2457 bellicosissimi
703 2395 866 2469 onmium,
907 2395 963 2477 qui
987 2396 1018 2455 in
1051 2395 1221 2456 Germania

196 2495 459 2576 imperaverunt,
499 2496 583 2577 regis
612 2495 749 2571 virtute,
792 2497 922 2557 multum
953 2494 990 2555 ad
1021 2514 1224 2557 communem

196 2594 333 2658 nationis
352 2595 448 2674 hujus
472 2596 640 2660 accessisse
660 2596 791 2677 gloriam
811 2594 1046 2670 arbitrabimur,
1067 2595 1106 2657 ad
1126 2596 1224 2673 ctrjus

196 2696 420 2768 imitationem,
447 2694 473 2757 si
500 2698 576 2777 quid
603 2695 753 2778 instigare
774 2695 923 2758 Carolnm
944 2705 1064 2776 potest,
1091 2695 1142 2757 hio
1163 2716 1225 2774 po.

196 2797 268 2857 terit
288 2793 377 2856 liber.
415 2794 574 2875 Exprimit
594 2798 676 2858 enim
694 2796 790 2858 vitam
810 2796 892 2858 illius
909 2796 1107 2869 evidentius,
1127 2818 1225 2878 quam

195 2905 303 2976 posset
324 2896 405 2957 ullus
433 2895 556 2975 pictor,
589 2908 641 2957 aut
667 2898 832 2959 statuarius
855 2895 1000 2975 corporis
1025 2896 1244 2977 lincamenta..

196 2994 260 3057 sed
280 2995 363 3056 huuc
382 2994 529 3056 dedicare
556 2996 599 3057 illi
622 2995 726 3058 risum
755 3008 908 3059 nonest:
937 3012 1010 3060 sunt
1039 2998 1224 3079 panegyrici

195 3096 294 3175 enim,
330 3095 447 3178 quibus
475 3097 623 3177 excipere
655 3098 834 3161 venientem
862 3118 951 3179 paro.
991 3096 1065 3159 Tibi
1094 3098 1222 3176 dedico,

195 3217 294 3279 quum
308 3196 382 3280 quia
395 3217 502 3280 neque
521 3197 685 3273 omnibus,
708 3219 814 3280 neque
827 3199 928 3260 multis
945 3199 1025 3259 adco
1040 3199 1222 3261 obtundere

194 3307 322 3375 oportet
344 3294 493 3375 juvenem
514 3318 641 3377 regent,
662 3312 726 3359 tum
745 3299 819 3381 quia
833 3300 1020 3381 plerumque
1034 3298 1221 3362 adiuturum

192 3406 225 3458 te
236 3395 280 3456 illi
295 3396 336 3457 de
351 3396 623 3467 restituendo,sibi
641 3398 762 3479 imperii
774 3409 855 3462 statu
868 3399 1058 3461 consultanti
1070 3399 1221 3461 arbitror.

194 3495 289 3575 Quod
309 3494 419 3571 facito,
447 3516 506 3558 oro
519 3526 539 3570 ,·
552 3518 611 3558 neo
630 3497 750 3575 diutius
771 3499 862 3561 sinite
890 3501 1109 3562 Romanenses
1135 3499 1221 3561 auri·

191 3614 285 3675 sugas
313 3594 444 3657 illudere
471 3597 611 3672 nationi,
640 3598 725 3660 orbis
752 3592 881 3680 reginae.
931 3601 1002 3680 lpse
1032 3620 1098 3661 non
1116 3599 1221 3663 deero

191 3697 319 3760 sedulus
354 3697 512 3771 monitor,
546 3697 667 3759 etiamsi
697 3718 747 3759 me
779 3697 927 3761 terruerit
961 3700 1052 3782 quis,
1088 3713 1119 3765 et
1152 3703 1220 3766 vim

190 3795 326 3859 minatus
353 3794 459 3857 inerit.
499 3801 601 3877 Quam
620 3821 686 3862 non
706 3820 776 3862 esse
800 3821 877 3862 vere
898 3800 1094 3865 Christianus
1122 3805 1220 3881 enim,

191 3894 236 3971 si,
257 3896 410 3978 quemad
431 3897 498 3958 veri
526 3900 660 3979 pastoris
688 3922 800 3962 rocem
828 3900 955 3965 exsilire
979 3903 1096 3975 decet,
1128 3904 1155 3966 is
1176 3905 1220 3969 ad

189 4007 380 4075 pracceptum
399 3996 520 4075 fueris,
548 3999 604 4083 qui
625 4021 690 4061 nou
717 4021 775 4085 per
796 4000 941 4082 januam,
972 4007 1028 4067 sed
1048 4003 1158 4067 furtim
1184 4017 1220 4068 et

188 4095 382 4157 clandestino
402 4096 534 4162 introitu
566 4100 651 4161 ovile
675 4100 737 4163 Dei
764 4101 896 4183 irrepit,
924 4106 1017 4167 ullam
1042 4105 1075 4168 in
1094 4126 1218 4170 moram

186 4195 409 4260 consentirem.
448 4200 623 4275 Peregrina
649 4199 712 4278 erit
730 4202 795 4262 bae
814 4224 880 4265 vox
900 4206 1002 4279 enim,
1028 4204 1218 4284 cujuseujus

185 4293 258 4370 erit,
283 4318 341 4357 nec
360 4299 495 4378 pastoris
511 4300 677 4362 habebitur
692 4300 874 4365 domestica.
914 4309 1110 4388 Quamquam
1127 4307 1218 4365 Leo·

183 4413 255 4459 nem
264 4397 399 4467 &nihil
417 4399 478 4458 tale
497 4399 656 4464 facturum
675 4400 785 4480 opinio
801 4415 864 4482 est,
884 4406 929 4469 sic
942 4426 1053 4489 pacem
1064 4405 1213 4488 promisit
