2632 5086
357 715 489 794 Febris
513 714 681 791 Secunde
712 704 901 820 niuogn.
1072 728 1143 801 ltu

538 924 715 987 'Hutten

194 1026 271 1089 Non
294 1026 404 1107 placet.
447 1023 510 1090 Die
533 1023 609 1088 mibi
631 1034 734 1088 autem
760 1045 896 1090 uxorem
921 1024 1057 1105 ducere,
1085 1048 1143 1093 eur

119 1127 235 1189 vetas?

550 1240 709 1305 Febris.

194 1343 336 1407 Primum
355 1343 395 1406 ad
420 1353 452 1405 te
472 1341 561 1427 quod
579 1330 734 1422 pertinet,
764 1341 840 1424 quia
860 1343 1023 1425 negotium
1047 1342 1142 1407 laeiiit

118 1445 196 1520 tibi,
216 1457 248 1506 et
269 1445 408 1527 quietem
427 1463 497 1506 esse
517 1462 583 1505 uon
600 1440 701 1516 siuet,
723 1462 760 1502 ae
778 1441 881 1504 studia
900 1442 1053 1518 turbabit,
1073 1464 1143 1507 mee

119 1567 198 1609 vero
219 1567 309 1608 eausa
329 1567 395 1607 non
415 1545 566 1620 consido,
587 1543 662 1627 quia
676 1541 799 1604 febrem
812 1561 878 1602 nou
891 1540 999 1635 ferunt
1011 1563 1140 1619 uxores,

120 1668 196 1709 eura
224 1646 311 1709 omni
339 1646 543 1709 excludentes
569 1642 700 1718 avitis,
732 1661 870 1726 quorum
896 1643 937 1706 de
963 1623 1141 1710 ialeturlitie

119 1751 189 1828 plus
209 1758 302 1824 sunt,
324 1768 418 1833 quam
437 1744 510 1807 satis
530 1754 593 1821 est,
617 1741 765 1807 sollicite.

551 1862 717 1927 Hutten.

195 1964 264 2028 Jam
283 1960 382 2045 magis
401 1982 537 2026 uxorem
559 1959 637 2025 sucis
657 1979 774 2041 cupere
792 1978 844 2026 me
854 2004 864 2035 ‚
888 1958 946 2024 sed
965 1958 1006 2024 tle
1025 1976 1142 2027 concta*

118 2063 248 2128 binariis
264 2085 374 2146 perge.

383 2253 387 2260 Ι
547 2177 710 2241 Febris.

195 2279 381 2344 Necessarie
409 2277 514 2361 omnia
538 2278 707 2353 deserunt,
735 2278 886 2342 frivolum
911 2282 973 2343 hoc
999 2292 1035 2344 ut
1053 2280 1143 2345 adse·

121 2393 273 2464 quaritur,
297 2380 386 2463 quod
406 2391 509 2442 tamen
525 2382 618 2462 plene
634 2379 850 2460 adsequuntur
868 2401 1042 2462 uunquam.
1073 2376 1142 2442 Etsi

121 2481 206 2544 enim
217 2480 378 2559 contingat
387 2501 443 2542 eos
458 2479 628 2561 aliquando
641 2478 754 2558 optatis
769 2478 834 2543 lrui
852 2477 1027 2556 amoribus,
1044 2477 1143 2544 breve
1223 2525 1226 2534 ·

122 2592 173 2642 est
187 2581 248 2640 hoe
262 2589 382 2654 tamen,
403 2579 558 2663 quiequid
568 2590 632 2655 est,
652 2600 712 2641 nee
727 2579 892 2660 proprium
907 2590 965 2641 est.
986 2576 1046 2642 lllae
1060 2579 1144 2645 enim

123 2678 249 2763 quoties
276 2700 373 2740 unum
395 2683 632 2761 amplexantur,
659 2680 722 2759 jam
742 2680 782 2742 de
803 2679 864 2742 alio
883 2680 1038 2762 cogitarit,
1066 2668 1144 2746 verb

121 2782 241 2842 nullum
254 2790 373 2855 amant,
392 2780 505 2843 modos
521 2779 641 2845 omneis
658 2778 718 2843 sibi
732 2777 978 2859 prospieientes,
996 2791 1033 2842 ut
1049 2802 1144 2864 quum

121 2880 262 2964 plurimis
283 2877 470 2956 lruilieeat,
492 2882 525 2944 in
542 2883 604 2944 boe
622 2879 809 2963 prudentes,
831 2874 926 2961 ¹quod
944 2874 1064 2944 aetatem
1081 2881 1144 2947 labi

120 2983 247 3056 vident,
281 2980 388 3063 itaque
413 3002 513 3044 annos
539 3001 622 3062 saepe
645 2989 826 3053 numerant,
859 2998 959 3064 seque
984 2980 1143 3048 intertiutit

120 3093 283 3157 accusant,
315 3103 384 3164 quae
404 3103 470 3143 nou
489 3081 604 3143 multos
624 3078 695 3158 setis
718 3077 901 3156 habuerint,
931 3062 1085 3161 temporit
1107 3091 1144 3145 ttt

118 3183 167 3247 rei
184 3194 335 3264 preterea
350 3181 465 3244 nullius
480 3202 598 3263 parere,
616 3180 715 3263 idque
728 3179 826 3262 magis
840 3176 885 3240 ibi
898 3178 1007 3257 etiem,
1021 3181 1144 3247 tucrum

118 3284 176 3345 ubi
195 3295 252 3346 est.
290 3281 418 3363 Quippe
438 3286 581 3346 venalem
599 3281 716 3345 habent
735 3281 784 3343 sui
800 3278 941 3364 copiam,
961 3292 993 3347 et
1008 3281 1143 3367 pecunia

120 3385 281 3447 ducuntur
300 3383 596 3465 obsequentissime.

547 3500 718 3561 Hutten.

194 3598 257 3661 Dic
276 3597 368 3675 mibi,
397 3598 564 3685 cupiuntur
582 3601 718 3680 pecunia
735 3598 849 3682 magis,
869 3614 964 3683 qtram
980 3597 1105 3666 format

554 3714 713 3781 Febris.

198 3814 275 3896 Quae
294 3812 423 3898 quidem
449 3816 622 3898 prudentes
641 3831 736 3894 sunt,
762 3815 861 3900 magis
874 3827 892 3890 ,'
912 3834 984 3877 num
1004 3810 1073 3897 quie
1096 3811 1142 3872 in·

121 3912 238 3976 utiliter
258 3931 391 4000 nitunt,
402 3917 477 3998 ipsae
495 3916 656 3983 formosos
676 3917 747 3981 illos
766 3919 819 3981 vel
836 3914 1021 3980 muneribus
1038 3910 1144 3976 conei-

121 4016 196 4076 liant
217 4014 287 4078 sibi.

548 4133 719 4200 Hutten.

194 4232 270 4319 Duo
304 4232 473 4298 amantium
499 4223 674 4317 puellarum
701 4232 821 4322 genera
845 4214 915 4300 esse
943 4231 1080 4317 eolligu,
1113 4239 1147 4292 et

121 4354 190 4416 quae
209 4334 330 4397 utiliter
349 4348 469 4413 ament,
490 4347 522 4400 et
541 4359 611 4421 quoe
632 4336 782 4415 jucunde.
