<?xml version="1.0" encoding="UTF-8"?>
<!DOCTYPE html PUBLIC "-//W3C//DTD XHTML 1.0 Transitional//EN"
    "http://www.w3.org/TR/xhtml1/DTD/xhtml1-transitional.dtd">
<html xmlns="http://www.w3.org/1999/xhtml" xml:lang="en" lang="en">
 <head>
  <title>
</title>
<meta http-equiv="Content-Type" content="text/html;charset=utf-8" />
  <meta name='ocr-system' content='tesseract 3.04.00' />
  <meta name='ocr-capabilities' content='ocr_page ocr_carea ocr_par ocr_line ocrx_word'/>
</head>
<body>
  <div class='ocr_page' id='page_1' title='image "./ulrichiabhutten02mngoog_0140.png"; bbox 0 0 2632 5086; ppageno 0'>
   <div class='ocr_carea' id='block_1_1' title="bbox 173 742 893 853">
    <p class='ocr_par' dir='ltr' id='par_1_1' title="bbox 173 742 893 853">
     <span class='ocr_line' id='line_1_1' title="bbox 173 742 893 853; baseline -0.004 -30"><span class='ocrx_word' id='word_1_1' title='bbox 173 757 242 825; x_wconf 79' lang='lat'>1³⁰</span> <span class='ocrx_word' id='word_1_2' title='bbox 460 744 517 853; x_wconf 53' lang='lat' dir='ltr'>dd</span> <span class='ocrx_word' id='word_1_3' title='bbox 541 742 724 818; x_wconf 74' lang='lat' dir='ltr'>francisc.</span> <span class='ocrx_word' id='word_1_4' title='bbox 745 746 893 847; x_wconf 73' lang='lat' dir='ltr'>¹Regem</span> 
     </span>
    </p>
   </div>
   <div class='ocr_carea' id='block_1_2' title="bbox 135 935 1195 4231">
    <p class='ocr_par' dir='ltr' id='par_1_2' title="bbox 135 935 1195 4231">
     <span class='ocr_line' id='line_1_2' title="bbox 170 935 1195 1019; baseline -0.006 -12"><span class='ocrx_word' id='word_1_5' title='bbox 170 952 232 1019; x_wconf 85' lang='lat' dir='ltr'>est,</span> <span class='ocrx_word' id='word_1_6' title='bbox 267 938 393 1005; x_wconf 88' lang='lat' dir='ltr'>occidit.</span> <span class='ocrx_word' id='word_1_7' title='bbox 440 939 490 1000; x_wconf 89' lang='lat' dir='ltr'>Te</span> <span class='ocrx_word' id='word_1_8' title='bbox 515 946 666 999; x_wconf 78' lang='lat' dir='ltr'><strong>nocentes</strong></span> <span class='ocrx_word' id='word_1_9' title='bbox 692 935 825 999; x_wconf 84' lang='lat' dir='ltr'>inritum</span> <span class='ocrx_word' id='word_1_10' title='bbox 846 937 961 1018; x_wconf 87' lang='lat' dir='ltr'>punire</span> <span class='ocrx_word' id='word_1_11' title='bbox 989 940 1114 1016; x_wconf 74' lang='lat' dir='ltr'>tenant,</span> <span class='ocrx_word' id='word_1_12' title='bbox 1151 941 1195 1002; x_wconf 92' lang='lat' dir='ltr'>illi</span> 
     </span>
     <span class='ocr_line' id='line_1_3' title="bbox 167 1036 1194 1121; baseline -0.003 -17"><span class='ocrx_word' id='word_1_13' title='bbox 167 1043 310 1107; x_wconf 75' lang='lat' dir='ltr'>insontes</span> <span class='ocrx_word' id='word_1_14' title='bbox 338 1039 474 1121; x_wconf 82' lang='lat' dir='ltr'>perdere</span> <span class='ocrx_word' id='word_1_15' title='bbox 508 1036 650 1098; x_wconf 82' lang='lat' dir='ltr'>delirium</span> <span class='ocrx_word' id='word_1_16' title='bbox 687 1047 745 1099; x_wconf 86' lang='lat' dir='ltr'>est.</span> <span class='ocrx_word' id='word_1_17' title='bbox 795 1037 847 1098; x_wconf 86' lang='lat' dir='ltr'>Tu</span> <span class='ocrx_word' id='word_1_18' title='bbox 875 1060 958 1121; x_wconf 85' lang='lat' dir='ltr'>quos</span> <span class='ocrx_word' id='word_1_19' title='bbox 988 1040 1084 1101; x_wconf 81' lang='lat' dir='ltr'>habes</span> <span class='ocrx_word' id='word_1_20' title='bbox 1115 1062 1194 1103; x_wconf 91' lang='lat' dir='ltr'>eon·</span> 
     </span>
     <span class='ocr_line' id='line_1_4' title="bbox 166 1137 1193 1218; baseline -0.001 -14"><span class='ocrx_word' id='word_1_21' title='bbox 166 1145 325 1218; x_wconf 87' lang='lat' dir='ltr'>victores,</span> <span class='ocrx_word' id='word_1_22' title='bbox 361 1138 543 1203; x_wconf 71' lang='lat' dir='ltr'>liberalitate</span> <span class='ocrx_word' id='word_1_23' title='bbox 570 1139 681 1214; x_wconf 87' lang='lat' dir='ltr'>afficis,</span> <span class='ocrx_word' id='word_1_24' title='bbox 713 1138 763 1198; x_wconf 90' lang='lat' dir='ltr'>ille</span> <span class='ocrx_word' id='word_1_25' title='bbox 789 1137 821 1197; x_wconf 93' lang='lat' dir='ltr'>in</span> <span class='ocrx_word' id='word_1_26' title='bbox 847 1160 922 1200; x_wconf 89' lang='lat' dir='ltr'>suos</span> <span class='ocrx_word' id='word_1_27' title='bbox 947 1142 1078 1202; x_wconf 85' lang='lat' dir='ltr'>comites</span> <span class='ocrx_word' id='word_1_28' title='bbox 1104 1143 1193 1203; x_wconf 75' lang='lat' dir='ltr'>omrai</span> 
     </span>
     <span class='ocr_line' id='line_1_5' title="bbox 162 1238 1191 1323; baseline 0.001 -18"><span class='ocrx_word' id='word_1_29' title='bbox 162 1242 337 1307; x_wconf 78' lang='lat' dir='ltr'>ferocitatis</span> <span class='ocrx_word' id='word_1_30' title='bbox 363 1261 482 1323; x_wconf 78' lang='lat' dir='ltr'>genere</span> <span class='ocrx_word' id='word_1_31' title='bbox 502 1238 637 1323; x_wconf 76' lang='lat' dir='ltr'>grassari</span> <span class='ocrx_word' id='word_1_32' title='bbox 661 1238 776 1300; x_wconf 81' lang='lat' dir='ltr'>studet.</span> <span class='ocrx_word' id='word_1_33' title='bbox 822 1239 874 1300; x_wconf 88' lang='lat' dir='ltr'>Tu</span> <span class='ocrx_word' id='word_1_34' title='bbox 894 1239 975 1300; x_wconf 91' lang='lat' dir='ltr'>bene</span> <span class='ocrx_word' id='word_1_35' title='bbox 996 1243 1191 1307; x_wconf 86' lang='lat' dir='ltr'>merentibus</span> 
     </span>
     <span class='ocr_line' id='line_1_6' title="bbox 162 1337 1190 1426; baseline 0 -20"><span class='ocrx_word' id='word_1_36' title='bbox 162 1344 308 1426; x_wconf 79' lang='lat' dir='ltr'>premia,</span> <span class='ocrx_word' id='word_1_37' title='bbox 340 1342 390 1404; x_wconf 88' lang='lat' dir='ltr'>ille</span> <span class='ocrx_word' id='word_1_38' title='bbox 414 1339 636 1401; x_wconf 78' lang='lat' dir='ltr'>liberatoribus</span> <span class='ocrx_word' id='word_1_39' title='bbox 660 1337 725 1400; x_wconf 90' lang='lat' dir='ltr'>suis</span> <span class='ocrx_word' id='word_1_40' title='bbox 748 1338 879 1400; x_wconf 88' lang='lat' dir='ltr'>exitium</span> <span class='ocrx_word' id='word_1_41' title='bbox 903 1342 1057 1419; x_wconf 82' lang='lat' dir='ltr'>rependit.</span> <span class='ocrx_word' id='word_1_42' title='bbox 1098 1344 1135 1405; x_wconf 90' lang='lat' dir='ltr'>ln</span> <span class='ocrx_word' id='word_1_43' title='bbox 1156 1356 1190 1407; x_wconf 84' lang='lat' dir='ltr'>te</span> 
     </span>
     <span class='ocr_line' id='line_1_7' title="bbox 160 1438 1188 1529; baseline -0.001 -22"><span class='ocrx_word' id='word_1_44' title='bbox 160 1467 228 1507; x_wconf 88' lang='lat' dir='ltr'>non</span> <span class='ocrx_word' id='word_1_45' title='bbox 252 1444 320 1505; x_wconf 90' lang='lat' dir='ltr'>noti</span> <span class='ocrx_word' id='word_1_46' title='bbox 344 1441 437 1503; x_wconf 87' lang='lat' dir='ltr'>etiam</span> <span class='ocrx_word' id='word_1_47' title='bbox 465 1460 554 1520; x_wconf 88' lang='lat' dir='ltr'>spem</span> <span class='ocrx_word' id='word_1_48' title='bbox 587 1440 764 1513; x_wconf 89' lang='lat' dir='ltr'>collocant,</span> <span class='ocrx_word' id='word_1_49' title='bbox 810 1438 897 1501; x_wconf 80' lang='lat' dir='ltr'>illum</span> <span class='ocrx_word' id='word_1_50' title='bbox 934 1455 1053 1522; x_wconf 88' lang='lat' dir='ltr'>quanto</span> <span class='ocrx_word' id='word_1_51' title='bbox 1088 1447 1188 1529; x_wconf 84' lang='lat' dir='ltr'>magis</span> 
     </span>
     <span class='ocr_line' id='line_1_8' title="bbox 158 1538 1186 1629; baseline 0.003 -23"><span class='ocrx_word' id='word_1_52' title='bbox 158 1546 307 1629; x_wconf 82' lang='lat' dir='ltr'>cognitus</span> <span class='ocrx_word' id='word_1_53' title='bbox 333 1543 470 1626; x_wconf 82' lang='lat' dir='ltr'>quisque</span> <span class='ocrx_word' id='word_1_54' title='bbox 489 1552 554 1617; x_wconf 87' lang='lat' dir='ltr'>est,</span> <span class='ocrx_word' id='word_1_55' title='bbox 582 1551 668 1600; x_wconf 90' lang='lat' dir='ltr'>tanto</span> <span class='ocrx_word' id='word_1_56' title='bbox 690 1538 906 1604; x_wconf 83' lang='lat' dir='ltr'>meticulosius</span> <span class='ocrx_word' id='word_1_57' title='bbox 926 1540 1019 1623; x_wconf 74' lang='lat' dir='ltr'>sugit.</span> <span class='ocrx_word' id='word_1_58' title='bbox 1069 1545 1137 1608; x_wconf 82' lang='lat' dir='ltr'>Abs</span> <span class='ocrx_word' id='word_1_59' title='bbox 1155 1559 1186 1609; x_wconf 88' lang='lat' dir='ltr'>te</span> 
     </span>
     <span class='ocr_line' id='line_1_9' title="bbox 157 1636 1185 1727; baseline 0.002 -20"><span class='ocrx_word' id='word_1_60' title='bbox 157 1647 254 1708; x_wconf 82' lang='lat' dir='ltr'>vitam</span> <span class='ocrx_word' id='word_1_61' title='bbox 273 1644 494 1722; x_wconf 89' lang='lat' dir='ltr'>impetrarunt,</span> <span class='ocrx_word' id='word_1_62' title='bbox 525 1640 581 1723; x_wconf 86' lang='lat' dir='ltr'>qui</span> <span class='ocrx_word' id='word_1_63' title='bbox 604 1660 715 1701; x_wconf 87' lang='lat' dir='ltr'>necem</span> <span class='ocrx_word' id='word_1_64' title='bbox 732 1636 929 1716; x_wconf 88' lang='lat' dir='ltr'>meruerant,</span> <span class='ocrx_word' id='word_1_65' title='bbox 964 1643 1013 1703; x_wconf 91' lang='lat' dir='ltr'>itte</span> <span class='ocrx_word' id='word_1_66' title='bbox 1032 1644 1185 1727; x_wconf 77' lang='lat' dir='ltr'>aquibus</span> 
     </span>
     <span class='ocr_line' id='line_1_10' title="bbox 155 1739 1185 1824; baseline 0.003 -18"><span class='ocrx_word' id='word_1_67' title='bbox 155 1747 252 1808; x_wconf 74' lang='lat' dir='ltr'>vitam</span> <span class='ocrx_word' id='word_1_68' title='bbox 272 1754 452 1823; x_wconf 84' lang='lat' dir='ltr'>acceperat,</span> <span class='ocrx_word' id='word_1_69' title='bbox 483 1740 521 1802; x_wconf 90' lang='lat' dir='ltr'>iis</span> <span class='ocrx_word' id='word_1_70' title='bbox 539 1751 673 1801; x_wconf 92' lang='lat' dir='ltr'>mortem</span> <span class='ocrx_word' id='word_1_71' title='bbox 694 1739 811 1801; x_wconf 88' lang='lat' dir='ltr'>retulit.</span> <span class='ocrx_word' id='word_1_72' title='bbox 853 1743 903 1803; x_wconf 85' lang='lat' dir='ltr'>&#39;l&#39;u</span> <span class='ocrx_word' id='word_1_73' title='bbox 925 1743 981 1823; x_wconf 88' lang='lat' dir='ltr'>qui</span> <span class='ocrx_word' id='word_1_74' title='bbox 1000 1745 1185 1824; x_wconf 82' lang='lat' dir='ltr'>dignitatem</span> 
     </span>
     <span class='ocr_line' id='line_1_11' title="bbox 153 1839 1182 1926; baseline 0.003 -19"><span class='ocrx_word' id='word_1_75' title='bbox 153 1848 237 1909; x_wconf 89' lang='lat' dir='ltr'>tueri</span> <span class='ocrx_word' id='word_1_76' title='bbox 257 1856 341 1907; x_wconf 90' lang='lat' dir='ltr'>tuam</span> <span class='ocrx_word' id='word_1_77' title='bbox 360 1855 432 1905; x_wconf 86' lang='lat' dir='ltr'>sunt</span> <span class='ocrx_word' id='word_1_78' title='bbox 454 1840 581 1915; x_wconf 90' lang='lat' dir='ltr'>crediti,</span> <span class='ocrx_word' id='word_1_79' title='bbox 601 1840 638 1900; x_wconf 94' lang='lat' dir='ltr'>iis</span> <span class='ocrx_word' id='word_1_80' title='bbox 656 1839 786 1920; x_wconf 82' lang='lat' dir='ltr'>gratiam</span> <span class='ocrx_word' id='word_1_81' title='bbox 805 1841 917 1920; x_wconf 84' lang='lat' dir='ltr'>partim</span> <span class='ocrx_word' id='word_1_82' title='bbox 939 1842 1032 1905; x_wconf 86' lang='lat' dir='ltr'>babes</span> <span class='ocrx_word' id='word_1_83' title='bbox 1043 1892 1052 1921; x_wconf 91' lang='lat'><strong><em>‚</em></strong></span> <span class='ocrx_word' id='word_1_84' title='bbox 1071 1848 1182 1926; x_wconf 84' lang='lat' dir='ltr'>partim</span> 
     </span>
     <span class='ocr_line' id='line_1_12' title="bbox 152 1938 1180 2023; baseline 0.001 -14"><span class='ocrx_word' id='word_1_85' title='bbox 152 1947 286 2009; x_wconf 91' lang='lat' dir='ltr'>retulisti</span> <span class='ocrx_word' id='word_1_86' title='bbox 311 1944 390 2023; x_wconf 87' lang='lat' dir='ltr'>jam,</span> <span class='ocrx_word' id='word_1_87' title='bbox 431 1942 482 2003; x_wconf 89' lang='lat' dir='ltr'>ille</span> <span class='ocrx_word' id='word_1_88' title='bbox 512 1938 670 2021; x_wconf 85' lang='lat' dir='ltr'>aquibus</span> <span class='ocrx_word' id='word_1_89' title='bbox 696 1951 826 2001; x_wconf 76' lang='lat' dir='ltr'>evectus</span> <span class='ocrx_word' id='word_1_90' title='bbox 851 1941 991 2023; x_wconf 83' lang='lat' dir='ltr'>inprimis</span> <span class='ocrx_word' id='word_1_91' title='bbox 1024 1957 1092 2021; x_wconf 88' lang='lat' dir='ltr'>est,</span> <span class='ocrx_word' id='word_1_92' title='bbox 1126 1970 1180 2010; x_wconf 86' lang='lat' dir='ltr'>eos</span> 
     </span>
     <span class='ocr_line' id='line_1_13' title="bbox 153 2037 1181 2125; baseline 0.001 -18"><span class='ocrx_word' id='word_1_93' title='bbox 153 2044 318 2125; x_wconf 84' lang='lat' dir='ltr'>deprimit,</span> <span class='ocrx_word' id='word_1_94' title='bbox 352 2062 407 2104; x_wconf 88' lang='lat' dir='ltr'>eos</span> <span class='ocrx_word' id='word_1_95' title='bbox 434 2038 571 2112; x_wconf 83' lang='lat' dir='ltr'>collidit,</span> <span class='ocrx_word' id='word_1_96' title='bbox 601 2059 636 2099; x_wconf 87' lang='lat' dir='ltr'>ac</span> <span class='ocrx_word' id='word_1_97' title='bbox 655 2037 813 2116; x_wconf 89' lang='lat' dir='ltr'>perditum</span> <span class='ocrx_word' id='word_1_98' title='bbox 835 2042 867 2101; x_wconf 91' lang='lat' dir='ltr'>it.</span> <span class='ocrx_word' id='word_1_99' title='bbox 908 2045 960 2105; x_wconf 82' lang='lat' dir='ltr'>Tu</span> <span class='ocrx_word' id='word_1_100' title='bbox 978 2045 1126 2107; x_wconf 91' lang='lat' dir='ltr'>virtutem</span> <span class='ocrx_word' id='word_1_101' title='bbox 1145 2059 1181 2109; x_wconf 93' lang='lat' dir='ltr'>ut</span> 
     </span>
     <span class='ocr_line' id='line_1_14' title="bbox 151 2139 1178 2225; baseline 0.001 -16"><span class='ocrx_word' id='word_1_102' title='bbox 151 2167 309 2209; x_wconf 89' lang='lat' dir='ltr'>summum</span> <span class='ocrx_word' id='word_1_103' title='bbox 333 2141 494 2225; x_wconf 78' lang='lat' dir='ltr'>quoddam</span> <span class='ocrx_word' id='word_1_104' title='bbox 512 2139 634 2200; x_wconf 89' lang='lat' dir='ltr'>bonum</span> <span class='ocrx_word' id='word_1_105' title='bbox 655 2140 849 2217; x_wconf 79' lang='lat' dir='ltr'>propositam</span> <span class='ocrx_word' id='word_1_106' title='bbox 870 2144 980 2219; x_wconf 88' lang='lat' dir='ltr'>babes,</span> <span class='ocrx_word' id='word_1_107' title='bbox 1005 2145 1056 2207; x_wconf 89' lang='lat' dir='ltr'>ille</span> <span class='ocrx_word' id='word_1_108' title='bbox 1074 2160 1178 2211; x_wconf 79' lang='lat' dir='ltr'>extre·</span> 
     </span>
     <span class='ocr_line' id='line_1_15' title="bbox 148 2238 1177 2319; baseline -0.001 -9"><span class='ocrx_word' id='word_1_109' title='bbox 148 2268 233 2309; x_wconf 90' lang='lat' dir='ltr'>mum</span> <span class='ocrx_word' id='word_1_110' title='bbox 253 2247 354 2308; x_wconf 89' lang='lat' dir='ltr'>scelus</span> <span class='ocrx_word' id='word_1_111' title='bbox 376 2241 445 2302; x_wconf 78' lang='lat' dir='ltr'>vitre</span> <span class='ocrx_word' id='word_1_112' title='bbox 462 2260 595 2319; x_wconf 84' lang='lat' dir='ltr'>scopum</span> <span class='ocrx_word' id='word_1_113' title='bbox 611 2238 727 2300; x_wconf 86' lang='lat' dir='ltr'>statuit.</span> <span class='ocrx_word' id='word_1_114' title='bbox 768 2243 820 2301; x_wconf 77' lang='lat' dir='ltr'>&#39;l&#39;u</span> <span class='ocrx_word' id='word_1_115' title='bbox 839 2266 879 2303; x_wconf 83' lang='lat' dir='ltr'>err</span> <span class='ocrx_word' id='word_1_116' title='bbox 897 2265 1021 2307; x_wconf 91' lang='lat' dir='ltr'>morum</span> <span class='ocrx_word' id='word_1_117' title='bbox 1038 2246 1177 2309; x_wconf 85' lang='lat' dir='ltr'>bonitate</span> 
     </span>
     <span class='ocr_line' id='line_1_16' title="bbox 147 2338 1176 2426; baseline -0.002 -16"><span class='ocrx_word' id='word_1_118' title='bbox 147 2349 273 2410; x_wconf 81' lang='lat' dir='ltr'>laudern</span> <span class='ocrx_word' id='word_1_119' title='bbox 298 2343 395 2426; x_wconf 89' lang='lat' dir='ltr'>petis,</span> <span class='ocrx_word' id='word_1_120' title='bbox 430 2342 481 2403; x_wconf 91' lang='lat' dir='ltr'>ille</span> <span class='ocrx_word' id='word_1_121' title='bbox 505 2338 603 2402; x_wconf 89' lang='lat' dir='ltr'>solius</span> <span class='ocrx_word' id='word_1_122' title='bbox 617 2340 647 2413; x_wconf 78' lang='lat'>*)</span> <span class='ocrx_word' id='word_1_123' title='bbox 668 2339 858 2403; x_wconf 83' lang='lat' dir='ltr'>crudelitatis</span> <span class='ocrx_word' id='word_1_124' title='bbox 886 2345 1017 2422; x_wconf 86' lang='lat' dir='ltr'>palmam</span> <span class='ocrx_word' id='word_1_125' title='bbox 1043 2347 1176 2409; x_wconf 77' lang='lat' dir='ltr'>allectat.</span> 
     </span>
     <span class='ocr_line' id='line_1_17' title="bbox 149 2438 1175 2517; baseline 0 -8"><span class='ocrx_word' id='word_1_126' title='bbox 149 2450 201 2515; x_wconf 79' lang='lat' dir='ltr'>&#39;l&#39;u</span> <span class='ocrx_word' id='word_1_127' title='bbox 219 2469 261 2509; x_wconf 82' lang='lat' dir='ltr'>ex</span> <span class='ocrx_word' id='word_1_128' title='bbox 280 2442 451 2507; x_wconf 70' lang='lat' dir='ltr'>clementias</span> <span class='ocrx_word' id='word_1_129' title='bbox 470 2442 551 2502; x_wconf 80' lang='lat' dir='ltr'>lama</span> <span class='ocrx_word' id='word_1_130' title='bbox 568 2438 624 2499; x_wconf 92' lang='lat' dir='ltr'>tibi</span> <span class='ocrx_word' id='word_1_131' title='bbox 643 2440 803 2517; x_wconf 86' lang='lat' dir='ltr'>placuisti,</span> <span class='ocrx_word' id='word_1_132' title='bbox 832 2441 881 2503; x_wconf 88' lang='lat' dir='ltr'>ille</span> <span class='ocrx_word' id='word_1_133' title='bbox 898 2442 937 2502; x_wconf 85' lang='lat' dir='ltr'>ab</span> <span class='ocrx_word' id='word_1_134' title='bbox 959 2445 1043 2505; x_wconf 89' lang='lat' dir='ltr'>edita</span> <span class='ocrx_word' id='word_1_135' title='bbox 1063 2449 1175 2509; x_wconf 85' lang='lat' dir='ltr'>atroci·</span> 
     </span>
     <span class='ocr_line' id='line_1_18' title="bbox 145 2542 1174 2627; baseline -0.004 -16"><span class='ocrx_word' id='word_1_136' title='bbox 145 2560 208 2611; x_wconf 82' lang='lat' dir='ltr'>tate</span> <span class='ocrx_word' id='word_1_137' title='bbox 242 2545 404 2609; x_wconf 81' lang='lat' dir='ltr'>exultavit.</span> <span class='ocrx_word' id='word_1_138' title='bbox 465 2542 517 2602; x_wconf 90' lang='lat' dir='ltr'>Tu</span> <span class='ocrx_word' id='word_1_139' title='bbox 547 2560 612 2600; x_wconf 89' lang='lat' dir='ltr'>nou</span> <span class='ocrx_word' id='word_1_140' title='bbox 646 2560 727 2621; x_wconf 89' lang='lat' dir='ltr'>quos</span> <span class='ocrx_word' id='word_1_141' title='bbox 757 2543 928 2621; x_wconf 83' lang='lat' dir='ltr'>plecterer,</span> <span class='ocrx_word' id='word_1_142' title='bbox 971 2546 1028 2604; x_wconf 88' lang='lat' dir='ltr'>sed</span> <span class='ocrx_word' id='word_1_143' title='bbox 1060 2548 1174 2627; x_wconf 76' lang='lat' dir='ltr'>quibus</span> 
     </span>
     <span class='ocr_line' id='line_1_19' title="bbox 144 2626 1173 2729; baseline 0.003 -22"><span class='ocrx_word' id='word_1_144' title='bbox 144 2626 275 2729; x_wconf 83' lang='lat' dir='ltr'>parcere</span> <span class='ocrx_word' id='word_1_145' title='bbox 299 2665 410 2725; x_wconf 88' lang='lat' dir='ltr'>posses</span> <span class='ocrx_word' id='word_1_146' title='bbox 439 2638 626 2725; x_wconf 74' lang='lat' dir='ltr'>quaesivisti,</span> <span class='ocrx_word' id='word_1_147' title='bbox 663 2639 713 2700; x_wconf 93' lang='lat' dir='ltr'>ille</span> <span class='ocrx_word' id='word_1_148' title='bbox 740 2644 825 2703; x_wconf 86' lang='lat' dir='ltr'>nullu</span> <span class='ocrx_word' id='word_1_149' title='bbox 853 2640 1033 2706; x_wconf 87' lang='lat' dir='ltr'>discrimine</span> <span class='ocrx_word' id='word_1_150' title='bbox 1064 2670 1173 2710; x_wconf 78' lang='lat' dir='ltr'>‹rrunes</span> 
     </span>
     <span class='ocr_line' id='line_1_20' title="bbox 144 2739 1173 2828; baseline 0.001 -20"><span class='ocrx_word' id='word_1_151' title='bbox 144 2746 283 2828; x_wconf 87' lang='lat' dir='ltr'>perdere</span> <span class='ocrx_word' id='word_1_152' title='bbox 314 2741 437 2824; x_wconf 79' lang='lat' dir='ltr'>satagit.</span> <span class='ocrx_word' id='word_1_153' title='bbox 491 2739 566 2800; x_wconf 89' lang='lat' dir='ltr'>Tibi</span> <span class='ocrx_word' id='word_1_154' title='bbox 597 2739 696 2800; x_wconf 91' lang='lat' dir='ltr'>laudis</span> <span class='ocrx_word' id='word_1_155' title='bbox 728 2741 866 2803; x_wconf 89' lang='lat' dir='ltr'>studium</span> <span class='ocrx_word' id='word_1_156' title='bbox 900 2745 1041 2824; x_wconf 82' lang='lat' dir='ltr'>‹prietem</span> <span class='ocrx_word' id='word_1_157' title='bbox 1078 2748 1173 2810; x_wconf 92' lang='lat' dir='ltr'>inter-</span> 
     </span>
     <span class='ocr_line' id='line_1_21' title="bbox 142 2841 1173 2927; baseline 0.003 -18"><span class='ocrx_word' id='word_1_158' title='bbox 142 2845 279 2927; x_wconf 86' lang='lat' dir='ltr'>rumpit,</span> <span class='ocrx_word' id='word_1_159' title='bbox 310 2842 397 2906; x_wconf 92' lang='lat' dir='ltr'>illum</span> <span class='ocrx_word' id='word_1_160' title='bbox 422 2841 696 2923; x_wconf 85' lang='lat' dir='ltr'>properandorum</span> <span class='ocrx_word' id='word_1_161' title='bbox 724 2845 878 2903; x_wconf 88' lang='lat' dir='ltr'>scelerum</span> <span class='ocrx_word' id='word_1_162' title='bbox 905 2846 1000 2907; x_wconf 91' lang='lat' dir='ltr'>ardor</span> <span class='ocrx_word' id='word_1_163' title='bbox 1027 2868 1173 2912; x_wconf 90' lang='lat' dir='ltr'>somnum</span> 
     </span>
     <span class='ocr_line' id='line_1_22' title="bbox 142 2940 1170 3029; baseline 0.003 -20"><span class='ocrx_word' id='word_1_164' title='bbox 142 2968 255 3029; x_wconf 89' lang='lat' dir='ltr'>capere</span> <span class='ocrx_word' id='word_1_165' title='bbox 272 2966 339 3008; x_wconf 92' lang='lat' dir='ltr'>nou</span> <span class='ocrx_word' id='word_1_166' title='bbox 359 2944 520 3025; x_wconf 84' lang='lat' dir='ltr'>permittit.</span> <span class='ocrx_word' id='word_1_167' title='bbox 561 2943 613 3003; x_wconf 80' lang='lat' dir='ltr'>&#39;l&#39;u</span> <span class='ocrx_word' id='word_1_168' title='bbox 634 2940 835 3003; x_wconf 85' lang='lat' dir='ltr'>christianum</span> <span class='ocrx_word' id='word_1_169' title='bbox 858 2966 927 3006; x_wconf 80' lang='lat' dir='ltr'>esse</span> <span class='ocrx_word' id='word_1_170' title='bbox 950 2956 1039 3022; x_wconf 86' lang='lat' dir='ltr'>putas</span> <span class='ocrx_word' id='word_1_171' title='bbox 1057 2951 1170 3012; x_wconf 84' lang='lat' dir='ltr'>multos</span> 
     </span>
     <span class='ocr_line' id='line_1_23' title="bbox 141 3043 1171 3127; baseline 0.003 -19"><span class='ocrx_word' id='word_1_172' title='bbox 141 3068 288 3122; x_wconf 87' lang='lat' dir='ltr'>servare,</span> <span class='ocrx_word' id='word_1_173' title='bbox 308 3045 359 3108; x_wconf 90' lang='lat' dir='ltr'>ille</span> <span class='ocrx_word' id='word_1_174' title='bbox 380 3067 475 3127; x_wconf 89' lang='lat' dir='ltr'>quam</span> <span class='ocrx_word' id='word_1_175' title='bbox 494 3044 650 3122; x_wconf 72' lang='lat' dir='ltr'>plurimos.</span> <span class='ocrx_word' id='word_1_176' title='bbox 666 3043 801 3122; x_wconf 87' lang='lat' dir='ltr'>perdere</span> <span class='ocrx_word' id='word_1_177' title='bbox 818 3064 859 3103; x_wconf 82' lang='lat' dir='ltr'>ex</span> <span class='ocrx_word' id='word_1_178' title='bbox 880 3045 983 3106; x_wconf 84' lang='lat' dir='ltr'>officio</span> <span class='ocrx_word' id='word_1_179' title='bbox 1002 3047 1171 3113; x_wconf 86' lang='lat' dir='ltr'>arbitratur</span> 
     </span>
     <span class='ocr_line' id='line_1_24' title="bbox 140 3143 1169 3223; baseline 0.001 -11"><span class='ocrx_word' id='word_1_180' title='bbox 140 3171 210 3212; x_wconf 89' lang='lat' dir='ltr'>esse</span> <span class='ocrx_word' id='word_1_181' title='bbox 231 3169 303 3211; x_wconf 87' lang='lat' dir='ltr'>suo.</span> <span class='ocrx_word' id='word_1_182' title='bbox 353 3146 405 3206; x_wconf 89' lang='lat' dir='ltr'>Tu</span> <span class='ocrx_word' id='word_1_183' title='bbox 423 3145 588 3205; x_wconf 89' lang='lat' dir='ltr'>colendam</span> <span class='ocrx_word' id='word_1_184' title='bbox 609 3144 786 3203; x_wconf 84' lang='lat' dir='ltr'>necessario</span> <span class='ocrx_word' id='word_1_185' title='bbox 808 3146 900 3204; x_wconf 79' lang='lat' dir='ltr'>iidem</span> <span class='ocrx_word' id='word_1_186' title='bbox 921 3143 1087 3223; x_wconf 78' lang='lat' dir='ltr'>judicasti,</span> <span class='ocrx_word' id='word_1_187' title='bbox 1120 3149 1169 3215; x_wconf 77' lang='lat' dir='ltr'>ille</span> 
     </span>
     <span class='ocr_line' id='line_1_25' title="bbox 140 3241 1168 3330; baseline 0.006 -21"><span class='ocrx_word' id='word_1_188' title='bbox 140 3249 329 3330; x_wconf 88' lang='lat' dir='ltr'>probitatem</span> <span class='ocrx_word' id='word_1_189' title='bbox 347 3244 440 3306; x_wconf 80' lang='lat' dir='ltr'>vilem</span> <span class='ocrx_word' id='word_1_190' title='bbox 458 3245 581 3317; x_wconf 89' lang='lat' dir='ltr'>babuit,</span> <span class='ocrx_word' id='word_1_191' title='bbox 612 3253 643 3300; x_wconf 90' lang='lat' dir='ltr'>et</span> <span class='ocrx_word' id='word_1_192' title='bbox 662 3241 693 3301; x_wconf 93' lang='lat' dir='ltr'>iu</span> <span class='ocrx_word' id='word_1_193' title='bbox 716 3243 853 3322; x_wconf 75' lang='lat' dir='ltr'>pertidia·</span> <span class='ocrx_word' id='word_1_194' title='bbox 873 3245 1025 3323; x_wconf 89' lang='lat' dir='ltr'>opinione</span> <span class='ocrx_word' id='word_1_195' title='bbox 1044 3251 1168 3314; x_wconf 86' lang='lat' dir='ltr'>laudern</span> 
     </span>
     <span class='ocr_line' id='line_1_26' title="bbox 139 3340 1167 3429; baseline 0.003 -19"><span class='ocrx_word' id='word_1_196' title='bbox 139 3346 257 3429; x_wconf 91' lang='lat' dir='ltr'>posuit.</span> <span class='ocrx_word' id='word_1_197' title='bbox 311 3346 364 3404; x_wconf 87' lang='lat' dir='ltr'>Tu</span> <span class='ocrx_word' id='word_1_198' title='bbox 393 3365 475 3426; x_wconf 84' lang='lat' dir='ltr'>quos</span> <span class='ocrx_word' id='word_1_199' title='bbox 500 3342 572 3422; x_wconf 82' lang='lat' dir='ltr'>jure</span> <span class='ocrx_word' id='word_1_200' title='bbox 605 3340 678 3401; x_wconf 86' lang='lat' dir='ltr'>belli</span> <span class='ocrx_word' id='word_1_201' title='bbox 711 3344 857 3404; x_wconf 81' lang='lat' dir='ltr'>occidere</span> <span class='ocrx_word' id='word_1_202' title='bbox 884 3357 1025 3423; x_wconf 85' lang='lat' dir='ltr'>poteras,</span> <span class='ocrx_word' id='word_1_203' title='bbox 1056 3350 1167 3413; x_wconf 80' lang='lat' dir='ltr'>virere</span> 
     </span>
     <span class='ocr_line' id='line_1_27' title="bbox 138 3441 1166 3530; baseline 0.002 -20"><span class='ocrx_word' id='word_1_204' title='bbox 138 3447 275 3530; x_wconf 83' lang='lat' dir='ltr'>jussisti,</span> <span class='ocrx_word' id='word_1_205' title='bbox 308 3445 360 3505; x_wconf 90' lang='lat' dir='ltr'>ille</span> <span class='ocrx_word' id='word_1_206' title='bbox 386 3465 468 3525; x_wconf 70' lang='lat' dir='ltr'>qum</span> <span class='ocrx_word' id='word_1_207' title='bbox 497 3441 623 3502; x_wconf 84' lang='lat' dir='ltr'>minime.</span> <span class='ocrx_word' id='word_1_208' title='bbox 651 3441 760 3503; x_wconf 83' lang='lat' dir='ltr'>delmit</span> <span class='ocrx_word' id='word_1_209' title='bbox 792 3442 823 3503; x_wconf 91' lang='lat' dir='ltr'>iu</span> <span class='ocrx_word' id='word_1_210' title='bbox 851 3445 1022 3523; x_wconf 88' lang='lat' dir='ltr'>perniciem</span> <span class='ocrx_word' id='word_1_211' title='bbox 1049 3451 1166 3529; x_wconf 71' lang='lat' dir='ltr'>adegit.</span> 
     </span>
     <span class='ocr_line' id='line_1_28' title="bbox 141 3541 1165 3627; baseline 0.004 -18"><span class='ocrx_word' id='word_1_212' title='bbox 141 3550 194 3609; x_wconf 81' lang='lat' dir='ltr'>&#39;l&#39;u</span> <span class='ocrx_word' id='word_1_213' title='bbox 214 3545 310 3627; x_wconf 88' lang='lat' dir='ltr'>captis</span> <span class='ocrx_word' id='word_1_214' title='bbox 335 3545 486 3605; x_wconf 89' lang='lat' dir='ltr'>matronis</span> <span class='ocrx_word' id='word_1_215' title='bbox 510 3544 665 3603; x_wconf 87' lang='lat' dir='ltr'>honorem</span> <span class='ocrx_word' id='word_1_216' title='bbox 684 3541 834 3616; x_wconf 81' lang='lat' dir='ltr'>habuisti,</span> <span class='ocrx_word' id='word_1_217' title='bbox 865 3544 914 3606; x_wconf 76' lang='lat' dir='ltr'>iile</span> <span class='ocrx_word' id='word_1_218' title='bbox 942 3547 1165 3613; x_wconf 89' lang='lat' dir='ltr'>nobilissimam</span> 
     </span>
     <span class='ocr_line' id='line_1_29' title="bbox 140 3634 1164 3728; baseline 0.004 -20"><span class='ocrx_word' id='word_1_219' title='bbox 140 3634 175 3709; x_wconf 80' lang='lat' dir='ltr'>ac</span> <span class='ocrx_word' id='word_1_220' title='bbox 197 3643 448 3708; x_wconf 86' lang='lat' dir='ltr'>honestissimam</span> <span class='ocrx_word' id='word_1_221' title='bbox 466 3641 622 3703; x_wconf 69' lang='lat' dir='ltr'>feminam</span> <span class='ocrx_word' id='word_1_222' title='bbox 638 3661 726 3701; x_wconf 91' lang='lat' dir='ltr'>suam</span> <span class='ocrx_word' id='word_1_223' title='bbox 746 3640 933 3724; x_wconf 65' lang='lat' dir='ltr'>eorrjugrun</span> <span class='ocrx_word' id='word_1_224' title='bbox 962 3648 1164 3728; x_wconf 84' lang='lat' dir='ltr'>turpitudinis</span> 
     </span>
     <span class='ocr_line' id='line_1_30' title="bbox 137 3743 1163 3831; baseline 0.001 -22"><span class='ocrx_word' id='word_1_225' title='bbox 137 3750 257 3809; x_wconf 88' lang='lat' dir='ltr'>macula</span> <span class='ocrx_word' id='word_1_226' title='bbox 284 3743 435 3827; x_wconf 82' lang='lat' dir='ltr'>insignire</span> <span class='ocrx_word' id='word_1_227' title='bbox 469 3752 599 3801; x_wconf 89' lang='lat' dir='ltr'>conatus</span> <span class='ocrx_word' id='word_1_228' title='bbox 628 3751 684 3801; x_wconf 89' lang='lat' dir='ltr'>est.</span> <span class='ocrx_word' id='word_1_229' title='bbox 744 3743 795 3800; x_wconf 85' lang='lat' dir='ltr'>&#39;l&#39;u</span> <span class='ocrx_word' id='word_1_230' title='bbox 822 3744 860 3801; x_wconf 91' lang='lat' dir='ltr'>ab</span> <span class='ocrx_word' id='word_1_231' title='bbox 888 3744 985 3805; x_wconf 75' lang='lat' dir='ltr'>exilio</span> <span class='ocrx_word' id='word_1_232' title='bbox 1013 3748 1163 3831; x_wconf 65' lang='lat' dir='ltr'>conjugia</span> 
     </span>
     <span class='ocr_line' id='line_1_31' title="bbox 137 3841 1162 3925; baseline 0.003 -16"><span class='ocrx_word' id='word_1_233' title='bbox 137 3844 313 3919; x_wconf 81' lang='lat' dir='ltr'>revocasti,</span> <span class='ocrx_word' id='word_1_234' title='bbox 345 3844 394 3904; x_wconf 91' lang='lat' dir='ltr'>ille</span> <span class='ocrx_word' id='word_1_235' title='bbox 419 3862 506 3901; x_wconf 87' lang='lat' dir='ltr'>suam</span> <span class='ocrx_word' id='word_1_236' title='bbox 527 3861 662 3901; x_wconf 79' lang='lat' dir='ltr'>uxorem</span> <span class='ocrx_word' id='word_1_237' title='bbox 683 3841 790 3901; x_wconf 87' lang='lat' dir='ltr'>mortis</span> <span class='ocrx_word' id='word_1_238' title='bbox 817 3854 903 3904; x_wconf 88' lang='lat' dir='ltr'>metu</span> <span class='ocrx_word' id='word_1_239' title='bbox 928 3845 1024 3906; x_wconf 90' lang='lat' dir='ltr'>domo</span> <span class='ocrx_word' id='word_1_240' title='bbox 1044 3853 1162 3925; x_wconf 58' lang='lat' dir='ltr'>exegit.</span> 
     </span>
     <span class='ocr_line' id='line_1_32' title="bbox 139 3927 1161 4026; baseline 0.005 -19"><span class='ocrx_word' id='word_1_241' title='bbox 139 3946 215 4008; x_wconf 78' lang='lat' dir='ltr'>&#39;l&#39;ibi</span> <span class='ocrx_word' id='word_1_242' title='bbox 236 3964 399 4026; x_wconf 83' lang='lat' dir='ltr'>poenarum</span> <span class='ocrx_word' id='word_1_243' title='bbox 422 3952 598 4000; x_wconf 74' lang='lat' dir='ltr'>extremum</span> <span class='ocrx_word' id='word_1_244' title='bbox 620 3960 705 4000; x_wconf 84' lang='lat' dir='ltr'>mors</span> <span class='ocrx_word' id='word_1_245' title='bbox 725 3953 789 4015; x_wconf 80' lang='lat' dir='ltr'>est,</span> <span class='ocrx_word' id='word_1_246' title='bbox 820 3944 871 4002; x_wconf 75' lang='lat' dir='ltr'>ille</span> <span class='ocrx_word' id='word_1_247' title='bbox 891 3945 1048 4025; x_wconf 84' lang='lat' dir='ltr'>exquisite</span> <span class='ocrx_word' id='word_1_248' title='bbox 1070 3927 1161 4012; x_wconf 75' lang='lat' dir='ltr'>aeru-</span> 
     </span>
     <span class='ocr_line' id='line_1_33' title="bbox 135 4039 1162 4124; baseline 0.002 -13"><span class='ocrx_word' id='word_1_249' title='bbox 135 4047 210 4111; x_wconf 87' lang='lat' dir='ltr'>ratis</span> <span class='ocrx_word' id='word_1_250' title='bbox 227 4040 388 4124; x_wconf 87' lang='lat' dir='ltr'>suppliciis</span> <span class='ocrx_word' id='word_1_251' title='bbox 409 4039 513 4102; x_wconf 85' lang='lat' dir='ltr'>satiari</span> <span class='ocrx_word' id='word_1_252' title='bbox 530 4060 690 4121; x_wconf 87' lang='lat' dir='ltr'>nunquam</span> <span class='ocrx_word' id='word_1_253' title='bbox 708 4041 820 4119; x_wconf 87' lang='lat' dir='ltr'>potuit.</span> <span class='ocrx_word' id='word_1_254' title='bbox 861 4045 912 4104; x_wconf 86' lang='lat' dir='ltr'>&#39;l&#39;u</span> <span class='ocrx_word' id='word_1_255' title='bbox 931 4045 971 4105; x_wconf 89' lang='lat' dir='ltr'>ad</span> <span class='ocrx_word' id='word_1_256' title='bbox 990 4049 1059 4109; x_wconf 89' lang='lat' dir='ltr'>loea</span> <span class='ocrx_word' id='word_1_257' title='bbox 1076 4072 1162 4113; x_wconf 83' lang='lat' dir='ltr'>saera</span> 
     </span>
     <span class='ocr_line' id='line_1_34' title="bbox 135 4139 1159 4231; baseline 0.006 -24"><span class='ocrx_word' id='word_1_258' title='bbox 135 4142 359 4226; x_wconf 78' lang='lat' dir='ltr'>confugientes</span> <span class='ocrx_word' id='word_1_259' title='bbox 395 4143 499 4202; x_wconf 84' lang='lat' dir='ltr'>salros</span> <span class='ocrx_word' id='word_1_260' title='bbox 534 4157 603 4200; x_wconf 87' lang='lat' dir='ltr'>esse</span> <span class='ocrx_word' id='word_1_261' title='bbox 637 4139 707 4215; x_wconf 80' lang='lat' dir='ltr'>vis,</span> <span class='ocrx_word' id='word_1_262' title='bbox 748 4140 796 4200; x_wconf 87' lang='lat' dir='ltr'>ille</span> <span class='ocrx_word' id='word_1_263' title='bbox 826 4164 895 4222; x_wconf 76' lang='lat' dir='ltr'>apsa</span> <span class='ocrx_word' id='word_1_264' title='bbox 928 4144 1019 4208; x_wconf 83' lang='lat' dir='ltr'>simul</span> <span class='ocrx_word' id='word_1_265' title='bbox 1046 4156 1159 4231; x_wconf 84' lang='lat' dir='ltr'>templa</span> 
     </span>
    </p>
   </div>
   <div class='ocr_carea' id='block_1_3' title="bbox 135 4264 330 4282">
    <p class='ocr_par' dir='ltr' id='par_1_3' title="bbox 135 4264 330 4282">
     <span class='ocr_line' id='line_1_35' title="bbox 135 4264 330 4282; baseline -0.015 -4"><span class='ocrx_word' id='word_1_266' title='bbox 135 4264 330 4282; x_wconf 41' lang='grc' dir='ltr'>,ῳ</span> 
     </span>
    </p>
   </div>
   <div class='ocr_carea' id='block_1_4' title="bbox 170 4347 409 4412">
    <p class='ocr_par' dir='ltr' id='par_1_4' title="bbox 170 4347 409 4412">
     <span class='ocr_line' id='line_1_36' title="bbox 170 4347 409 4412; baseline -0.017 -9"><span class='ocrx_word' id='word_1_267' title='bbox 170 4347 201 4412; x_wconf 74' lang='lat'>⁸)</span> <span class='ocrx_word' id='word_1_268' title='bbox 218 4358 317 4403; x_wconf 74' lang='lat' dir='ltr'>sottus:</span> <span class='ocrx_word' id='word_1_269' title='bbox 336 4354 409 4401; x_wconf 75' lang='lat' dir='ltr'>totus.</span> 
     </span>
    </p>
   </div>
   <div class='ocr_carea' id='block_1_5' title="bbox 0 0 1320 5086">
    <p class='ocr_par' dir='ltr' id='par_1_5' title="bbox 0 0 1320 5086">
     <span class='ocr_line' id='line_1_37' title="bbox 0 0 1320 5086; baseline 0 11"><span class='ocrx_word' id='word_1_270' title='bbox 0 0 1320 5086; x_wconf 95' lang='lat' dir='ltr'> </span> 
     </span>
    </p>
   </div>
  </div>
 </body>
</html>
