2618 5094
235 840 307 916 tur
489 832 595 908 Trias
617 829 785 907 Romana
819 830 1005 932 Dialogus.

647 1025 844 1090 Ernhold.

227 1145 232 1153 '
311 1129 434 1193 Verum
453 1125 569 1193 animas
588 1127 767 1197 hominum,
789 1146 853 1189 non
872 1127 1038 1209 pecuniam
1054 1126 1261 1210 uniuscujus-

229 1243 316 1317 ‘ques
355 1230 509 1294 Profecto
536 1229 620 1292 enim
647 1224 842 1310 iniquissime
873 1239 1085 1310 comparatum
1112 1240 1161 1292 est
1186 1232 1260 1305 hoc,

231 1344 271 1398 ut
289 1353 349 1412 pro
376 1352 417 1394 eo
442 1330 532 1415 quod
557 1327 637 1393 <lixit
665 1326 827 1396 Christus:
856 1323 968 1390 faciam
994 1349 1053 1388 vos
1083 1328 1258 1410 piscatores

234 1432 418 1508 hominum,
441 1431 607 1494 inducatur
624 1427 795 1491 foedissima
813 1417 955 1507 pecuniae
974 1440 1113 1510 captura.

647 1528 829 1590 Hutten.

306 1632 351 1695 At
367 1629 510 1692 homines
528 1629 605 1691 item
629 1626 787 1708 piscantur
809 1630 842 1690 in
860 1628 1045 1692 servimtem
1066 1629 1257 1712 redigentes,

232 1752 299 1795 non
309 1743 346 1793 ut
359 1739 447 1807 ante,
468 1730 622 1813 populum
637 1727 868 1804 Christianum,
888 1729 946 1792 sed
965 1728 1053 1810 ipsos
1073 1728 1137 1809 jam
1152 1749 1255 1812 reges,

225 1843 263 1894 ‘et
280 1831 451 1913 principes.
522 1846 525 1853 ·

634 1928 838 1992 Ernhold.

155 2090 157 2097 .
225 2048 229 2053 ·
304 2032 418 2096 Aliene
434 2030 591 2096 aChristo
605 2039 636 2090 et
652 2028 765 2111 ipsum.
790 2029 966 2119 Voluitille
986 2033 1068 2093 enim
1083 2054 1141 2113 per
1160 2034 1253 2094 iidem

201 2142 204 2148 “
226 2133 425 2213 praedicatam
444 2130 560 2192 animas
579 2132 741 2192 hominnm
764 2130 949 2194 lucrifacere
970 2134 1152 2212 apostolos,
1174 2132 1253 2205 sliri·

225 2231 285 2294 iias
307 2242 474 2313 querere,
502 2241 535 2292 et
558 2229 751 2311 potentiam,
781 2253 817 2293 ac
843 2254 977 2315 regnum
1007 2233 1160 2297 invadere
1189 2255 1253 2296 non

223 2331 339 2395 holuit.
384 2332 508 2412 Quanta
533 2340 580 2393 cst
599 2330 663 2390 hsce
683 2328 778 2411 igitur
801 2331 833 2393 in
862 2330 1023 2395 Christum
1051 2334 1252 2397 contumelia.

224 2432 271 2498 ‘At
293 2453 360 2495 non
378 2430 515 2493 sentiunt
535 2427 730 2506 Christiani,
761 2453 855 2514 quani
879 2432 918 2494 sit
943 2433 1069 2495 inversa
1106 2445 1140 2496 et
1165 2434 1251 2496 adnl-

224 2530 326 2596 ie'rata
352 2531 532 2612 evmgstiea
550 2531 685 2607 veritas,
706 2532 750 2594 ibi
772 2552 920 2614 magnum
941 2534 980 2596 ad
993 2534 1063 2594 vitae
1084 2535 1252 2598 beatitudi-

225 2654 298 2696 nem
316 2632 572 2715 impedimentum
592 2632 807 2696 existimantur
828 2634 965 2696 humanae
985 2655 1079 2714 opes,
1106 2636 1157 2713 hio
1177 2634 1250 2697 solis

214 2733 389 2814 ,pecuniam
408 2731 593 2795 habentibus
615 2733 723 2795 celum
742 2734 944 2815 promittitur.
984 2732 1130 2796 Christus
1156 2735 1248 2797 dicit:

220 2852 357 2913 regnum
383 2852 475 2895 suum
503 2853 568 2894 non
593 2853 662 2895 esse
686 2833 728 2894 de
756 2834 818 2896 hoc
843 2835 984 2907 mundo,
1014 2849 1047 2896 et
1076 2855 1150 2897 cum
1177 2855 1249 2897 eum

220 2946 331 3015 regern
347 2930 454 2994 facere
470 2934 584 2994 uolunt
599 2933 732 3015 populi,
752 2932 835 3016 sugit
854 2934 893 2996 ab
912 2933 1003 3016 ipsis,
1023 2933 1055 2995 hi
1074 2934 1107 2995 in
1128 2946 1248 2996 tantum

219 3031 329 3115 regnis
351 3031 485 3096 terrenis
501 3032 636 3108 inhiant,
658 3045 694 3095 ut
709 3044 839 3114 propter
854 3036 918 3096 haec
932 3034 1034 3108 ferro,
1058 3034 1246 3118 flammaque

220 3149 330 3209 ruant,
364 3152 400 3196 ac
427 3122 672 3216 pertinacissime
699 3134 875 3197 dimicando
909 3134 1013 3196 omnia
1041 3135 1245 3216 conturbent,

220 3238 253 3295 'et
273 3234 362 3317 qnod
389 3233 525 3310 dicitur,
557 3236 665 3297 caelnm
691 3246 800 3311 tcrrsc,
826 3245 858 3296 et
877 3235 1004 3317 utrique
1028 3254 1114 3295 mare
1143 3236 1246 3314 ipsum

219 3333 379 3395 misceant.
417 3333 474 3396 llle
493 3344 644 3409 morlens,
676 3318 748 3397 non'
760 3356 854 3416 posse
876 3354 934 3396 nos
962 3320 1087 3396 duobus
1108 3334 1244 3397 dominis

218 3417 356 3495 seruire:
374 3432 448 3492 Non
462 3431 607 3513 potestis,
627 3432 746 3517 inquit,
764 3435 884 3497 servire
898 3437 986 3510 Deo,
1004 3446 1035 3495 et
1049 3454 1243 3521 mammone,

218 3531 251 3593 hi
279 3549 321 3591 ne
348 3529 624 3615 dnobusqnidcm
650 3536 772 3598 servire
801 3534 958 3617 cogitant,
990 3535 1109 3597 sedita
1129 3555 1163 3596 se
1184 3555 1243 3616 po·

216 3637 333 3694 str'enro
360 3631 433 3694 huic
459 3631 668 3709 dediderunt,
699 3646 735 3695 ut
759 3634 792 3695 in
817 3655 858 3696 eo
888 3634 946 3695 toti
978 3645 1171 3708 uersentur,
1206 3653 1242 3695 uc

216 3731 362 3793 hereant.
410 3732 490 3812 Quae
523 3733 694 3793 conventio
727 3731 823 3815 igitur
861 3732 979 3797 Christi
1012 3755 1084 3796 cum
1116 3727 1242 3796 Belial?

217 3830 292 3892 Non
314 3830 424 3892 vident
441 3830 546 3906 stulti,
566 3839 598 3892 et
616 3845 830 3912 cognoscunt,
853 3833 981 3896 sibene
1001 3846 1169 3916 ageretur,
1197 3855 1239 3896 ex

216 3929 351 3994 istorum
379 3929 521 3993 instituto
552 3931 673 3995 lacilius
701 3935 798 3995 multo
825 3955 894 3996 esse
927 3934 1075 3997 divitibus
1088 3981 1097 4013 ,
1133 3941 1238 4009 saeculi

216 4031 306 4106 liliis,
329 4052 423 4114 quam
442 4031 568 4113 egenis,
587 4033 651 4112 Dei
672 4033 779 4096 clectis
798 4032 901 4109 beari,
923 4035 1011 4117 qnod
1037 4039 1106 4114 plus
1129 4038 1237 4120 largiri

214 4118 349 4213 possint
369 4129 434 4209 illi,
466 4130 730 4215 indulgentiarum
757 4136 827 4215 plus
851 4154 973 4209 emere,
998 4147 1094 4217 atque
1120 4136 1153 4197 in
1178 4139 1237 4200 illis

214 4230 413 4311 multiplicius
436 4225 592 4314 negotiari
604 4215 832 4307 'facultatibus3
863 4250 893 4296 at
913 4232 1028 4297 Christi
1053 4235 1110 4296 alia
1138 4238 1235 4319 longe

214 4352 301 4394 niens
322 4331 401 4394 tuit:
421 4333 537 4395 Beatos
555 4336 666 4397 clamet
685 4353 859 4418 pauperes,
879 4355 991 4398 eorum
1010 4355 1079 4398 esse
1098 4357 1234 4419 regnum

128 4516 132 4521 Ι
213 4434 359 4497 ociorum
380 4431 506 4497 dicens·¹
