2632 5086
163 773 233 841 ⁶30
450 760 691 861 inspicientes
713 762 900 863 Dialogus.

161 974 234 1026 sunt
252 975 460 1032 mercatores,
487 976 524 1018 ae
543 954 657 1039 reiiipui
683 957 784 1021 orturis
810 956 937 1039 generis
954 956 1088 1021 luxurie
1107 962 1187 1025 arri·

160 1064 254 1140 tices,
281 1084 338 1126 eos
359 1064 506 1124 oderunt.

557 1159 782 1225 Phaethon.

233 1263 379 1346 Ejicianr.
493 1312 498 1321 .

622 1361 712 1425 sot.

230 1466 407 1543 Eiecissent
426 1465 488 1547 jam
501 1479 572 1527 unte
586 1465 703 1539 multo,
728 1461 789 1525 uisi
805 1461 902 1526 muris
921 1464 1019 1527 clausi
1030 1465 1179 1545 fuissent,

154 1578 186 1633 et
201 1569 337 1631 edificiis
355 1565 496 1641 defensi,
516 1588 585 1650 quae
600 1585 672 1625 eum
684 1561 745 1623 siut
762 1563 933 1626 otiantibus
947 1563 1005 1625 iuis
1021 1569 1178 1643 presidia,

154 1668 323 1745 adfligendi
343 1688 399 1729 eos
418 1665 525 1728 relicta
543 1685 605 1727 una
624 1675 671 1726 est
683 1663 753 1740 riu,
773 1664 871 1746 siquis
884 1666 1082 1748 egrediatur,
1103 1690 1178 1731 cor·

152 1770 258 1852 ripere
278 1788 350 1831 eum
368 1777 401 1829 et
419 1766 569 1848 diripere.

555 1864 771 1927 Phuiitbon.

226 1967 310 2033 Utile
336 1966 463 2029 videtur
488 1965 572 2029 bunc
596 1986 664 2027 esse
683 1964 828 2027 mollibus
854 1966 912 2026 iuis
932 1980 1071 2045 metum,
1103 1994 1171 2057 quo

150 2089 192 2132 ne
210 2068 339 2149 pejores
359 2069 460 2130 adhue
478 2069 537 2128 sint
556 2065 589 2126 in
607 2064 701 2127 nimia
726 2064 892 2127 securitate
913 2068 1101 2133 desidentes.

618 2165 700 2226 Sol.

223 2268 267 2331 At
286 2265 400 2327 obesse
419 2263 544 2347 publico
565 2261 625 2344 ipsi
650 2266 802 2339 clamant,
834 2280 866 2327 et
893 2267 1051 2349 quoddam
1070 2269 1172 2335 iuter·

147 2378 308 2450 pretautur
328 2368 440 2450 iugens
456 2365 636 2447 reipublice
657 2363 887 2427 detrimentum.

548 2465 763 2527 Phaethon.

220 2572 292 2635 Ah!
325 2568 416 2650 quate
443 2552 686 2640 detrimentum,
726 2566 815 2648 quusi
845 2588 910 2629 nou
927 2568 1105 2631 consultum
1125 2572 1168 2634 sit

145 2667 320 2731 Gemaniae
329 2712 338 2742 ,
358 2677 393 2729 ut
406 2686 472 2727 uuo
487 2665 610 2742 omnin,
626 2688 695 2748 quae
711 2666 760 2729 isti
773 2686 908 2749 peregre
922 2667 1083 2733 adserunt.
1099 2670 1167 2747 die,

145 2778 177 2829 et
200 2786 272 2828 eum
291 2766 329 2828 iis
349 2765 407 2844 ipsi
430 2764 473 2826 itti
494 2765 533 2826 ad
557 2782 727 2827 extremam
748 2787 852 2848 usque
874 2769 1043 2847 perniciem
1065 2770 1166 2832 addu-

144 2880 271 2941 cantur,
292 2875 365 2927 sunt
378 2864 462 2927 enirn
479 2881 682 2947 magnorum,
703 2875 737 2927 ut
750 2865 863 2941 rideo,
884 2869 1037 2930 mulorum
1053 2889 1167 2932 causae.

608 2966 664 3026 So
677 2969 699 3027 Ι.

216 3060 284 3143 Ipsi
300 3074 409 3127 eontra
427 3064 510 3127 bene
530 3065 643 3127 mereri
663 3068 703 3127 de
722 3067 821 3147 patria
839 3089 874 3130 se
893 3068 1081 3148 predicant,
1103 3072 1163 3133 hos

140 3163 256 3226 habeut
274 3164 424 3238 infestos,
453 3164 495 3224 ob
520 3164 617 3246 idque
641 3167 800 3247 extirpare
813 3148 984 3247 rogitant,
1012 3184 1163 3235 ettotam

140 3265 237 3326 semei
258 3263 365 3325 delere
385 3262 596 3339 nobilitatem,
617 3286 656 3326 ex
677 3266 793 3347 quibus
814 3268 955 3350 Fuggeri
976 3292 1054 3350 opes
1074 3292 1163 3334 eom·

139 3375 291 3444 pararunt
308 3362 367 3425 sibi
378 3408 388 3438 ‚
419 3384 487 3444 quae
507 3364 624 3426 alendis
651 3369 743 3428 etinm
762 3371 955 3433 exercitibus
981 3372 1161 3449 videantur,

139 3479 172 3525 et
189 3461 286 3545 regiis
305 3461 444 3525 serendis
464 3464 637 3542 sumptibus
656 3469 822 3549 piusquam
841 3469 924 3532 satis.

541 3563 758 3628 Phaethon.

212 3661 337 3744 Quibus
355 3663 450 3725 rebus
470 3677 565 3745 atque
590 3664 647 3726 ista
676 3665 784 3743 simul,
810 3690 873 3751 qua
894 3668 995 3751 juncti
1021 3673 1105 3738 intra
1122 3698 1158 3741 se

135 3776 282 3827 tenentur
302 3763 491 3838 concordia,
512 3764 704 3844 'perviueeut
721 3768 875 3832 tandem?

601 3866 689 3928 Sol.
913 3856 916 3863 ’

207 3959 457 4040 Perviueerunt,
486 3963 546 4027 uisi
572 3986 645 4027 eum
668 3968 808 4034 sortibus
834 3983 918 4035 esset
942 3974 1003 4038 boe
1029 3975 1153 4058 ignaris

129 4058 258 4124 bellum.

528 4165 750 4233 Phaetho-n.

100 4288 103 4295 ·
202 4261 310 4344 Atque
331 4284 441 4329 omnes
460 4280 551 4341 sunt,
574 4266 679 4348 quiin
698 4271 830 4338 urbibus
849 4276 1002 4355 habitunt,
1024 4280 1152 4363 ignavi?

124 4374 185 4424 trec
203 4361 357 4429 fortitudo
377 4367 477 4443 inest,
497 4383 551 4430 aut
571 4368 746 4435 industria?
