2618 5094
148 833 216 900 188
568 829 747 924 Apologia

142 1018 266 1081 elucent
282 1039 372 1092 vera,
396 1018 510 1101 quibus
526 1019 610 1080 illum
626 1019 771 1098 graphice
789 1017 944 1097 depingo,
965 1015 1035 1095 ejus
1050 1036 1167 1089 mores,

141 1115 277 1200 ejusque
298 1121 389 1181 vitam
409 1121 507 1180 oculis
527 1131 620 1200 atquc
640 1118 765 1181 auribus
784 1119 942 1179 hominum
963 1115 1128 1193 objiciens.
1141 1119 1169 1191 ὓ)

141 1219 187 1280 Ea
216 1229 362 1293 movent,
400 1240 436 1280 ea
465 1222 656 1298 percellunt,
695 1241 731 1281 ea
757 1218 923 1290 mordent,
963 1228 994 1276 et
1022 1219 1168 1279 lacerant.

141 1318 263 1381 Scilicet
284 1341 395 1382 verum
415 1341 480 1394 non
501 1331 566 1395 est,
594 1320 682 1403 quod
706 1321 870 1382 Mercurio
889 1319 971 1378 duee
990 1318 1029 1377 ad
1048 1317 1168 1380 hilaros

140 1421 304 1502 quassitum
324 1420 515 1481 Phalaridem
535 1423 746 1494 concesserit,
778 1429 809 1481 et
832 1417 925 1479 ineo
948 1419 1059 1478 itinere
1080 1418 1167 1498 quod

140 1516 300 1585 Charonte
324 1531 456 1582 vectore
477 1540 558 1601 opus
579 1520 697 1596 luerit,
729 1529 761 1582 et
780 1519 883 1581 nullus
904 1529 953 1580 est
973 1518 1166 1582 Mercurius,

139 1621 242 1684 nullus
253 1664 261 1693 ,

274 1719 334 1794 Qui
353 1720 522 1788 ferruginea
541 1721 700 1775 subrectet
720 1737 852 1792 corpora
870 1720 999 1790 cymba,

272 1820 425 1876 'I'erribilc
444 1821 597 1892 squallore
617 1823 750 1876 Charon.

214 1922 286 1993 Nec
302 1923 413 2000 cymba
432 1933 497 1996 est,
521 1943 581 1983 nec
601 1923 696 1999 Styx,
726 1931 779 1982 ant
799 1920 986 1999 Phlegeton.
1025 1919 1093 1980 Nec
1113 1941 1166 1980 ua·

138 2043 233 2104 quarn
253 2021 395 2101 reperire
422 2031 468 2081 est
488 2020 702 2095 Phalaridem,
734 2030 766 2080 et
792 2021 832 2083 dc
851 2030 917 2080 tota
936 2019 987 2081 illa
1005 2019 1165 2081 subterra·

137 2141 198 2185 nea
216 2122 379 2201 republica
392 2142 490 2183 unum
509 2133 556 2184 est
569 2120 782 2195 mendacium,
802 2141 866 2184 nna
878 2119 993 2182 lahnla.
1034 2104 1164 2194 Fateor,

138 2229 170 2286 et
188 2241 249 2283 nec
268 2241 353 2302 ego,

244 2323 313 2378 Nec
331 2325 416 2396 pueri
436 2324 580 2392 credunt,
598 2323 656 2379 nisi
673 2323 723 2394 qni
741 2321 875 2376 nondum
893 2339 950 2376 aare
969 2323 1116 2375 lavantur.

215 2423 279 2486 Sed
292 2437 342 2500 tu,
365 2425 418 2508 qui
432 2423 536 2486 literas
551 2422 705 2497 didicisti,
719 2422 847 2501 ignoras
861 2421 1014 2494 arbitror,
1029 2440 1162 2502 quomo·

138 2524 181 2586 do
194 2534 328 2587 tractare
341 2527 403 2587 hac
417 2523 602 2598 conveniat,
625 2535 719 2604 atque
733 2524 775 2584 ita
789 2544 853 2583 non
866 2519 1012 2603 intelligis
1025 2543 1109 2596 rent,
1132 2531 1164 2582 ut

138 2622 197 2686 tibi
217 2645 298 2705 opus
318 2625 357 2686 sit
376 2625 460 2688 illum
488 2623 656 2688 amortuis
682 2642 835 2686 revocare
863 2622 1046 2704 magistrum
1074 2633 1163 2684 tuum

136 2722 347 2797 Beroaidnm,
382 2724 437 2804 qui
466 2735 497 2785 te
521 2725 651 2798 doceat,
681 2723 760 2804 quid
786 2721 846 2786 sibi
872 2722 970 2784 velint
997 2726 1163 2802 poetarum

135 2816 258 2882 fabulae.
297 2824 484 2902 Quanquam
514 2823 635 2885 otiosus
663 2823 754 2884 nimis
783 2823 914 2897 videor,
944 2821 999 2904 qni
1025 2823 1089 2889 haec
1115 2832 1163 2883 tot

134 2920 242 2982 verbis
271 2944 332 3004 ago
359 2933 481 2998 tecum,
514 2945 582 2986 rem
608 2923 769 2998 frivolam,
802 2934 834 2984 et
861 2921 975 2987 nullius
1000 2921 1161 2997 momenti,

135 3019 176 3084 ab
200 3035 386 3103 argumento
416 3024 542 3106 negotii
572 3025 712 3086 alienam.
763 3024 877 3105 Neque
912 3033 946 3083 tu
977 3023 1041 3082 haec
1067 3022 1161 3098 enim,

134 3132 188 3187 aut
207 3122 311 3205 quivis
332 3123 411 3187 alius
430 3123 463 3185 in
481 3123 588 3187 libello
608 3125 669 3185 hoc
687 3122 931 3205 persequimini,
960 3123 1016 3183 sed
1036 3121 1162 3184 aliunde

133 3223 341 3285 calumniandi
361 3246 466 3288 ansam
486 3222 671 3307 exquiritis,
691 3223 788 3285 modo
804 3222 958 3306 quispiam
979 3224 1039 3283 hoc
1058 3233 1162 3283 tecmu

135 3320 190 3402 qui
211 3321 318 3395 saciat,
349 3323 487 3386 irn’eniri
512 3335 627 3401 potest.
666 3325 741 3385 Non
765 3333 888 3404 potest,
921 3322 1067 3384 arbitror.
1107 3321 1168 3382 Tu'

134 3417 248 3502 igitur,
268 3419 321 3482 cui
338 3422 398 3484 soli
414 3424 622 3486 Phalarismns
642 3424 802 3505 displicet,
824 3425 949 3487 eumad
964 3421 1161 3484 Phalaridam

133 3520 180 3584 ire
209 3521 393 3598 'syrannum
421 3534 564 3586 nostrum
583 3526 689 3605 lingo,
722 3524 800 3598 scis,
832 3525 921 3605 quod
949 3521 1018 3598 ejus
1038 3519 1161 3601 cupidi·

39 3644 45 3652 ·
133 3632 212 3683 tates
231 3622 354 3696 innuo,
387 3637 417 3686 et
446 3625 535 3705 quod
555 3626 646 3686 talem
667 3625 801 3686 ostendo
829 3642 899 3684 esse
920 3643 1011 3696 eunt,
1043 3619 1100 3702 qni
1119 3619 1158 3682 ad

132 3720 305 3784 Phalaridis
326 3721 531 3788 imitationem
556 3735 658 3785 totum
678 3742 712 3784 se
732 3722 894 3796 conserat,
924 3742 1050 3783 omnem
1069 3740 1158 3783 suant

132 3821 368 3897 vitainl'ormet‚
391 3823 432 3883 ita
452 3844 523 3887 esse
543 3824 727 3899 animatum,
749 3834 784 3884 nt
805 3845 874 3907 quae
895 3808 957 3883 sint¹
976 3833 1059 3884 anta
1077 3823 1160 3887 Pha·

131 3921 229 3986 laride
249 3921 402 3984 malitioso
423 3923 567 3998 inventa,
588 3935 641 3985 aut
660 3925 699 3986 ab
719 3925 786 3987 aliis
806 3923 975 3987 crudeliter
996 3935 1157 4004 usurpata,

130 4044 197 4091 non
222 4022 334 4086 imitari
361 4024 459 4087 modo
485 4035 518 4085 et
544 4045 688 4108 aequare,
719 4026 776 4088 sed
803 4026 931 4086 vincere
962 4022 1056 4085 etiam
1081 4044 1159 4085 eon·

130 4125 246 4189 tendat.
295 4124 394 4204 Quod
420 4143 461 4185 ne
488 4123 560 4207 quis
585 4136 705 4189 temere
732 4125 859 4188 venisse
884 4125 916 4185 in
943 4122 1158 4202 suspicionem

130 4223 203 4295 milii
232 4224 392 4299 crederet,
429 4225 570 4312 quasdam
598 4226 679 4292 illius
706 4225 800 4291 ctiam
823 4225 904 4287 iacta
934 4222 1155 4305 depingebant,

133 4346 326 4366 u--qv-——q

167 4429 197 4498 ⁸)
212 4439 350 4490 obiciens:
370 4438 465 4493 otjtcts.
