2632 5086
176 811 222 895 34
483 794 663 885 Misaulus'
677 808 864 910 Dialogus.

174 1002 322 1083 palpones
332 1002 364 1066 iu
374 1006 499 1065 multam
511 1014 635 1065 noctem
645 1015 885 1085 pergraecautur.
902 1004 966 1067 Sed
975 1016 1009 1067 ut
1018 1025 1185 1089 rrttnquam

175 1108 324 1187 prodant,
355 1116 456 1165 tamen
476 1103 578 1165 sciunt
597 1104 675 1187 quid
692 1102 844 1185 principi,
872 1114 1026 1186 qnatenus
1045 1106 1184 1169 suadere

171 1206 356 1279 conveniat,
392 1216 421 1264 et
446 1224 526 1285 qum
542 1203 572 1277 *)
598 1224 663 1265 non
687 1204 796 1287 egredi
831 1214 975 1284 oporteat
1008 1204 1119 1267 limites
1133 1208 1184 1283 ¹⁸)

170 1327 257 1383 eum,
276 1296 331 1389 ¹qen
344 1304 487 1366 obtinere
500 1302 577 1385 quid
590 1302 747 1377 relit***).
772 1306 879 1389 Atque
892 1304 988 1387 igitur
1002 1303 1182 1369 cautissime

169 1406 332 1469 adulantur
349 1405 396 1481 lri,
416 1426 451 1465 ae
471 1403 548 1465 mire
566 1423 689 1485 semper
707 1402 876 1467 abutuntur
894 1414 1071 1487 magnatum
1089 1398 1180 1466 rani·

167 1517 237 1568 tate.
277 1507 421 1585 Quorum
445 1502 555 1586 aliquis
579 1504 803 1583 persuadetur,
827 1504 983 1569 nemiuem
1006 1504 1180 1569 ascendere¹

139 1598 244 1689 ‘tuam
267 1605 432 1669 beatonnn
457 1604 665 1679 rnarrsionem,
700 1601 759 1664 nisi
787 1607 841 1686 qui
869 1605 956 1683 prius
984 1605 1016 1681 ip
1039 1604 1176 1689 ¹scapulis

165 1704 323 1767 Francisci
353 1702 551 1781 consederit,
589 1712 642 1764 aut
673 1724 766 1787 quem
796 1700 950 1765 sublatum
982 1692 1032 1765 in'
1048 1702 1176 1769 Brachia

162 1804 344 1869 Dominicus
371 1825 494 1867 sursum
517 1799 705 1883 projecerit,
737 1812 790 1863 aut
815 1800 870 1884 qui
895 1802 985 1865 valde
1004 1801 1175 1869 liberaliter

161 1905 291 1967 fratrum
304 1902 466 1981 vectigalia
475 1902 558 1973 W)
569 1901 706 1975 auxerit,
721 1901 907 1963 monasteria
924 1904 1172 1983 locupletaverit,

160 2004 210 2063 vel
228 2023 346 2063 novum
365 2002 499 2082 aliquem
524 1998 598 2061 huic
624 2000 794 2061 colluvioni
819 2000 927 2063 nidum
948 2004 1171 2069 construxerit.

159 2103 232 2183 Quo
253 2103 302 2175 lit,
333 2099 420 2162 utin
447 2098 513 2161 dies
538 2098 635 2181 magis
656 2121 691 2161 ac
710 2099 806 2181 magis
825 2113 943 2163 creseat
962 2102 1085 2165 illorum
1107 2126 1170 2183 res,

157 2201 280 2264 nemine
299 2203 501 2274 reclamante,
520 2200 596 2261 dum
613 2199 769 2263 hostiatim
788 2200 953 2283 colligunt,
980 2202 1169 2285 quasivero

155 2300 195 2361 sit
212 2322 261 2363 res
277 2322 374 2383 parva
385 2301 483 2376 ”ml
495 2297 607 2379 stipem
625 2298 837 2375 emendicare,
863 2312 916 2361 aaut
934 2322 998 2363 nou
1020 2302 1053 2364 iu
1072 2306 1169 2367 multa

155 2420 322 2462 aureorum
340 2400 432 2461 millia
450 2398 493 2460 hii
513 2398 642 2460 redeant
661 2398 766 2479 stipes.
805 2398 927 2461 Scilicet
945 2401 1167 2481 peritissimum

153 2510 200 2561 est
217 2501 278 2562 boc
298 2510 523 2561 assentatorum
542 2519 659 2578 gernirs,
685 2520 720 2559 ac
745 2499 913 2561 identidem
938 2501 1166 2579 perniciosissi-

152 2618 246 2663 mum.
285 2600 363 2659 Nam
393 2618 450 2677 per
479 2597 615 2676 speciem
644 2598 804 2679 religionis
833 2600 903 2661 mali
927 2614 999 2663 suut
1024 2604 1101 2667 tales
1115 2608 1165 2681 †).

150 2694 213 2754 Sed
240 2693 302 2771 jam
330 2696 367 2755 ad
399 2706 508 2755 ventos
537 2683 654 2758 vocor,
700 2698 742 2759 lli
772 2709 844 2761 suut
869 2700 900 2762 in
927 2703 1011 2777 aula,
1045 2701 1163 2767 Caste!

148 2791 253 2867 lavor,
285 2793 420 2867 invidia,
447 2794 620 2875 cupiditas,
639 2796 782 2873 ambitio,
807 2801 920 2875 luxus,
950 2804 1160 2883 consuetudo,

146 2904 267 2975 egestas
287 2904 318 2953 et
337 2891 517 2972 hujusmodi
534 2894 606 2967 ††.)

577 2992 698 3057 Castu
708 3021 732 3058 s.

218 3092 299 3154 Rem
318 3113 429 3174 capere
449 3092 575 3169 videor,
603 3095 658 3157 sed
678 3095 866 3157 audiendum
885 3109 932 3158 est
947 3100 1049 3176 †††),
1075 3124 1155 3187 quo-

142 3190 236 3252 modo
255 3194 321 3253 haee
341 3214 358 3251 a
376 3213 436 3265 suo
456 3204 537 3254 statu
556 3207 689 3255 mentem
709 3194 896 3257 dimoveant.

367 3362 369 3367 1
544 3292 757 3357 Misaulus.
971 3367 974 3374 ¹

214 3385 338 3463 Fauor,
359 3387 471 3452 Castcl
497 3402 531 3452 ut
545 3390 658 3471 injusta
677 3394 821 3467 arradens,
849 3416 918 3455 cum
937 3396 997 3463 boc
1016 3392 1154 3457 demulc-

78 3506 83 3511 ·
140 3496 190 3565 tus
213 3498 332 3549 rectum
351 3488 536 3571 dignoscere
555 3493 636 3571 haud
651 3492 964 3573 facilepotes††††),
981 3504 1012 3554 et
1033 3492 1152 3556 idcirco

140 3572 279 3667 iniquam
299 3610 379 3667 saepe
397 3570 488 3650 amici
503 3610 624 3652 causam
644 3588 733 3671 juras
746 3594 873 3668 lffir'),
895 3604 946 3651 tntt
969 3614 1037 3673 qum
1056 3612 1152 3667 auras,

138 3694 300 3767 utcunque
325 3689 414 3749 cadat
432 3691 509 3764 boc,
541 3690 674 3769 principi
701 3691 826 3771 probes.
877 3692 995 3753 Contra
1014 3691 1149 3766 invidia,

136 3793 172 3843 ut
200 3783 291 3845 bouis
322 3808 403 3867 saepe
430 3788 514 3851 obsis
541 3792 715 3872 aeqtritatcm
740 3790 905 3871 impedias,
941 3814 1009 3875 quac
1037 3792 1152 3855 infesta

134 3883 247 3958 habes,
277 3889 485 3969 persequaris.
527 3892 604 3969 Quce
624 3892 706 3965 duo,
739 3912 826 3965 cum,
859 3889 964 3975 quiin
986 3894 1152 3977 aulaver·

169 4068 198 4135 ¹⁵)
216 4092 289 4135 quos:
309 4094 383 4139 qut-ru.
418 4076 464 4145 ¹⁸⁴)
479 4088 592 4131 limites:
609 4086 715 4133 limitem.
744 4075 806 4144 ⁴⁴⁸)
822 4100 890 4141 cuns,
909 4090 949 4141 qui
963 4088 1076 4134 altrum
1090 4093 1150 4145 putat

168 4166 228 4207 vetit
247 4164 424 4222 uinzugesetzt.
461 4160 536 4226 W)
553 4174 709 4228 vecttpctia:
728 4170 824 4215 reditus.
860 4160 1030 4227 ⁸'*'*)1·e=ro
1049 4176 1086 4218 stt
1105 4188 1149 4219 m

163 4256 242 4297 roano
251 4259 262 4292 :
280 4262 317 4295 res
329 4264 401 4308 parva
417 4254 454 4298 sit.
475 4246 505 4311 †)
518 4258 582 4298 tutes
593 4255 733 4309 beigcsetzl.
752 4245 801 4312 ἢ)
812 4259 837 4298 et
849 4255 986 4301 lrrtjnsuwa'a
997 4256 1147 4313 beigesetzt,

168 4326 233 4391 ἢῆ)
247 4340 289 4381 ssd
300 4340 444 4383 uredieudum
455 4346 513 4381 est:
531 4349 659 4395 qaarrqurm
669 4336 749 4384 audire
758 4336 822 4384 tuat.
840 4329 939 4395 ††††)
949 4348 1037 4387 rates:
1056 4343 1146 4397 possis.

165 4412 288 4481 †††††)
302 4424 375 4470 juvat
385 4434 396 4464 ·‘
410 4424 492 4476 jusu.
