2632 5086
139 791 210 871 266
391 779 394 785 ’
424 786 488 867 De
512 786 665 889 Guujeci
685 785 871 862 medicina

136 974 565 1063 morimonianus
592 998 684 1064 equo
714 990 853 1044 aestuans
870 980 1093 1057 conclusisset,
1125 959 1162 1044 ac

137 1079 182 1149 illi
203 1081 310 1146 salutis
328 1104 423 1167 quam
438 1082 484 1146 sic
503 1081 674 1161 adepturos
690 1100 726 1142 se
743 1080 928 1161 sperabant,
957 1082 1084 1155 studio,
1107 1102 1162 1162 pa·

137 1180 265 1246 tiendus
301 1204 396 1268 quam
431 1203 489 1263 pur
520 1192 589 1244 erut
620 1180 855 1257 consisterent,
898 1179 1002 1244 donec
1028 1183 1161 1244 delectis

136 1284 333 1369 perculeris
354 1281 583 1346 vehementiam
607 1281 776 1357 cordibus,
803 1281 885 1345 mori
911 1282 1160 1356 non'scntirent,

136 1380 253 1449 misere
271 1382 436 1467 jugulavit.
472 1383 562 1449 Alios
576 1382 644 1446 vidi
663 1381 889 1445 intumescente
906 1381 945 1444 ud
963 1381 1071 1444 fauces
1090 1394 1163 1463 gut·

128 1478 229 1560 nte,
256 1505 356 1568 quum
375 1484 496 1547 exitum
515 1490 582 1547 no'n
600 1482 745 1557 haberet,
769 1480 871 1545 sanies
890 1482 1045 1562 primum,
1066 1504 1162 1565 quum

137 1576 280 1666 iitsputo
298 1582 397 1664 dejici
416 1584 574 1666 oportuit,
595 1584 710 1656 (leinde
728 1583 797 1664 ipse
815 1583 909 1646 etium
923 1582 1051 1665 spiritus
1063 1585 1163 1644 sullo·

138 1685 220 1763 cari,
241 1685 395 1769 quosdam
412 1705 486 1749 cum
499 1683 619 1762 mejero
638 1704 704 1746 uon
724 1673 868 1764 possent,
887 1683 980 1744 mori.
1019 1682 1160 1746 Omnino

137 1786 232 1871 pauci
249 1788 498 1863 convaluenmt,
530 1784 768 1886 atqueillithoc
785 1781 945 1865 periculo,
974 1783 1032 1846 huc
1051 1782 1160 1846 amari·

137 1886 271 1966 tudine,
289 1886 336 1951 his
355 1885 454 1952 malis.

552 2269 665 2338 Carus
703 2269 746 2334 V.

141 2438 285 2561 Quibus
309 2488 381 2567 ego
415 2463 595 2567 praesidiis
619 2464 736 2597 fretus
760 2464 831 2537 hoc
856 2461 894 2536 in
925 2465 1059 2539 morbo
1085 2465 1162 2539 sim.

173 2696 180 2708 ·
214 2680 299 2746 Usus
318 2683 491 2765 ipserum,
512 2661 644 2767 quoties
657 2678 785 2768 quidem
798 2698 1015 2776 perungeret,
1033 2683 1164 2762 propud-

120 2780 245 2850 sandis
265 2803 334 2866 quea
354 2782 405 2847 ori
418 2782 562 2847 accidere
580 2792 725 2864 possent,
751 2781 821 2842 solo
840 2781 993 2858 alumine,
1023 2782 1112 2863 quod
1130 2780 1165 2845 in

140 2878 240 2943 bucca
259 2870 477 2962 continebam,
509 2885 582 2948 hinc
608 2883 683 2948 inde
709 2882 883 2944 volutando
910 2882 987 2945 dum
1012 2871 1166 2965 collique}

140 2993 253 3048 sceret.
289 2981 353 3046 Ubi
369 3005 450 3049 vero
466 2984 641 3069 obligandis
659 2984 835 3059 ulceribus,
861 2996 893 3047 et
912 2983 1060 3047 fovendis
1080 2995 1166 3047 arur·

139 3081 218 3161 bus,
238 3085 341 3149 danda
354 3105 470 3168 opera,
490 3086 631 3151 fomenta
643 3087 832 3170 usurpahum
844 3086 968 3162 herbis,
997 3084 1165 3159 absinthio,

129 3182 335 3267 ἡθαιιιοιιιὶὓει,
367 3188 529 3270 hyssopo,
562 3187 715 3270 pulegio,
748 3185 946 3262 arthemisia,
979 3186 1102 3261 saluis,
1133 3195 1167 3244 et

70 3328 73 3333 ,
139 3281 323 3365 hujusmodi
353 3307 395 3347 ex
420 3286 497 3351 vino
523 3298 557 3349 et
583 3309 665 3371 uqtiu
696 3286 848 3351 decoctis.
883 3287 937 3351 Ad
961 3288 1067 3351 ulcera
1085 3304 1164 3347 vero

140 3379 217 3446 olim
244 3382 374 3466 quidem
392 3384 566 3449 Eiteluolfo
592 3386 746 3451 suadente
771 3399 955 3471 unguento,
985 3387 1074 3471 quod
1101 3389 1166 3450 slu-

140 3480 243 3560 mine,
261 3483 358 3547 uiridi
376 3484 461 3561 eris,
487 3487 578 3549 melle
599 3489 768 3569 purissimo
787 3499 820 3551 et
838 3501 928 3552 aceto
947 3489 1088 3571 partibus
1108 3508 1167 3569 per

142 3581 249 3648 omnia
267 3583 437 3666 equalibus
457 3588 696 3679 componebam.
737 3589 866 3671 Nuper,
894 3591 984 3673 quod
1009 3611 1033 3653 u*
1054 3611 1167 3674 gregu-

141 3681 192 3751 rio
212 3679 246 3746 in
268 3684 355 3747 Italis
373 3685 470 3751 milite
490 3685 681 3763 didiceram,
711 3708 793 3771 equa
810 3689 905 3754 calcis
925 3712 1021 3773 quum
1040 3689 1091 3753 sic·
1112 3711 1167 3773 pu·

142 3784 271 3863 tabum,
303 3806 416 3868 aquam
438 3797 606 3869 pulsurum
634 3800 688 3851 out
714 3789 874 3854 fiuvialem
899 3813 1012 3877 purum
1040 3792 1073 3855 in
1092 3810 1167 3872 uase

142 3886 287 3951 nondum
305 3886 366 3949 ulio
391 3888 517 3972 liquore
543 3889 664 3956 imbuto
689 3894 885 3978 coquebam,
916 3915 987 3958 eum
1012 3913 1085 3957 cum
1102 3892 1168 3955 fer·

143 3986 325 4051 veudssime
341 3988 467 4054 bulliret
478 3990 555 4054 calci
574 3993 654 4055 vive
673 3995 725 4070 (eu
740 4006 792 4058 'est
811 4010 908 4080 quam
924 4013 1007 4078 aqua
1025 3990 1169 4057 nondum

144 4087 297 4171 contigit)
338 4089 630 4171 supertunitebam,
650 4096 703 4158 'in
731 4095 826 4159 labro
860 4106 914 4158 aut
944 4113 1027 4173 cupa
1064 4093 1169 4175 lignea

144 4187 281 4265 munds,
311 4191 448 4254 necdum
465 4191 637 4276 inquinata.
674 4194 728 4259 Sic
744 4194 900 4271 dissoluta
914 4192 1050 4275 primum
1068 4194 1168 4270 culce,

145 4286 262 4353 deinde
280 4290 448 4374 quiescere
466 4294 639 4375 permissu,
665 4296 722 4360 ubi
738 4312 778 4359 es
794 4296 828 4358 iu
845 4294 948 4358 luudo
967 4295 1167 4374 consederat,

146 4411 218 4476 que
242 4388 279 4455 in
304 4409 428 4458 ummo
452 4393 596 4475 ualebat,
624 4416 767 4481 muman
796 4395 928 4474 exemi,
966 4397 1084 4463 calcem
1102 4418 1171 4474 uon
