2632 5086
483 638 495 679 i

346 761 609 837 odilbertum
640 761 799 860 Princip.
817 760 891 835 tib.
1062 768 1134 841 271

99 962 197 1029 durii,
220 955 311 1039 quod
332 977 457 1020 causam
477 955 582 1019 morbi
603 952 742 1032 animat,
772 955 944 1039 quasi'hoc
960 972 1025 1016 non
1042 950 1144 1017 tactu

98 1058 287 1139 (fuisniacum.
324 1060 433 1142 Atque
464 1057 604 1121 evidenti
637 1076 748 1121 rursus
773 1056 965 1137 'argumento
989 1065 1060 1131 est,
1092 1052 1137 1119 ob
1179 1105 1183 1113 .

97 1163 182 1226 aliud
210 1161 287 1223 nihii
321 1160 474 1223 utendum
516 1157 733 1242 purgatione,
768 1177 863 1240 quam
890 1167 926 1218 ut
963 1154 1065 1219 ruanis
1097 1152 1138 1218 sit

98 1274 230 1337 venter,
258 1260 348 1344 quod
381 1281 499 1341 corpus
527 1271 679 1341 praeterea
712 1274 827 1333 omne,
865 1256 969 1320 inedia
995 1266 1033 1319 et
1051 1255 1140 1319 ieme

98 1362 350 1425 exhauriendum
384 1373 524 1423 curetur.
571 1358 686 1441 Quid?
721 1358 810 1442 quod
840 1359 885 1420 iu·
901 1359 949 1420 itta
978 1356 1136 1433 barbarie,

99 1463 154 1525 uhi
176 1462 353 1539 Guojacum
368 1461 522 1535 nascitur,
544 1461 619 1522 muti
639 1471 713 1522 suut
739 1459 868 1535 inedici,
887 1462 971 1522 uuila
993 1458 1134 1533 exoticfl,

99 1563 176 1627 nulli
193 1583 351 1640 cauones,
369 1562 446 1626 uuili
467 1561 656 1642 aphorismi,
681 1572 712 1622 at
734 1561 820 1622 forte
840 1560 944 1643 aliqua
964 1561 1008 1621 ibi
1026 1558 1136 1635 herba,

99 1675 152 1726 aut
171 1663 278 1726 radice
302 1665 407 1727 aivum
431 1673 587 1745 purgante
608 1672 739 1724 utuntur
761 1662 921 1735 homines,
960 1673 1057 1742 atquo
1074 1681 1139 1725 untt

99 1787 134 1830 re
157 1764 299 1829 similiter
313 1785 423 1827 omnes
444 1775 586 1829 utuntur.
625 1763 700 1824 lion
717 1772 752 1823 ut
771 1761 918 1825 morbum
935 1763 1060 1836 tollant,
1080 1761 1140 1823 sed

100 1879 135 1929 ut
164 1865 249 1927 inani
280 1875 391 1926 ventre
416 1865 505 1926 locus
533 1863 573 1926 sit
600 1862 736 1925 faciliori
770 1860 903 1942 Guajaci
938 1860 1134 1942 juramento.

103 1970 210 2047 Qttare
231 1966 397 2033 consilium
420 1965 464 2027 itu
487 1984 591 2027 meum
611 1975 677 2037 est,
708 1963 800 2027 nuliis
826 1983 1021 2044 tuoguopeoe
1043 1982 1140 2051 appp-

102 2068 176 2131 ratis
209 2079 350 2129 ventrem
384 2065 529 2128 divexari
563 2064 739 2127 medicinis.
789 2064 924 2145 illasque
959 2063 992 2124 in
1027 2063 1138 2144 primis

102 2169 232 2248 fugere,
252 2187 293 2229 ex
312 2165 528 2250 compluribus
546 2166 749 2231 concinnatas
769 2164 1030 2244 compositiones.
1067 2166 1141 2245 Quo

103 2267 283 2345 obstinatia,
303 2278 417 2349 preter
440 2287 535 2328 atnam
556 2264 738 2347 simpliciter
758 2265 908 2341 cassiam,
934 2265 1012 2328 nihii
1038 2265 1139 2329 incul-

101 2369 166 2432 cari
187 2369 262 2431 mihi
288 2390 398 2449 passus
422 2387 512 2441 sum,
539 2386 611 2433 cum
637 2365 679 2428 iiii
704 2368 799 2429 marita
826 2364 943 2447 cupide
972 2366 1138 2443 offerrent,

101 2482 133 2532 et
158 2490 221 2548 ego
247 2469 359 2532 solitus
378 2488 501 2543 essem,
523 2487 589 2529 uon
608 2467 684 2528 iliud
703 2477 823 2529 tantum
839 2465 1060 2543 rabarbarum,
1080 2467 1138 2529 un

101 2582 132 2632 ct
159 2570 186 2634 si
222 2569 302 2655 quid
331 2567 503 2631 rabarburo
531 2568 633 2630 adhuc
652 2566 817 2630 barbarius
837 2578 905 2642 cst,
926 2566 1134 2651 ingurgitare.

102 2672 166 2733 Sed
197 2680 333 2732 eventus
366 2668 533 2730 consilium
574 2688 679 2729 meum
705 2679 867 2751 sequutus
900 2679 949 2730 est
990 2667 1140 2750 optimus.

103 2770 201 2850 Quod
229 2767 286 2850 qui
314 2767 428 2831 imitari
456 2770 561 2843 volet,
593 2770 772 2848 exemplum
801 2769 915 2845 habet,
945 2780 1143 2851 preceptum

104 2868 297 2930 nonhabet.
335 2869 448 2952 Neque
473 2868 558 2929 enim
585 2867 690 2929 edocti
711 2868 864 2932 docemus
887 2871 974 2944 brec,
1004 2872 1062 2934 sed
1080 2888 1148 2933 ens.

103 2969 186 3049 perti
208 2990 383 3032 monemus.
419 2970 458 3033 Id
477 2970 566 3053 quod
585 2967 767 3031 meminisse
788 2990 898 3032 omues
920 2970 1037 3047 veiint,
1062 2971 1156 3042 nitur„

102 3093 152 3133 me
177 3069 391 3148 hictemcre,
420 3069 479 3134 sed
506 3070 595 3152 quod
622 3069 755 3150 proprio
784 3070 927 3149 periculo
962 3071 1160 3152 didicerim,¹

100 3171 167 3234 aliis
190 3192 250 3251 per
268 3191 380 3234 manus
401 3170 493 3255 quasi
513 3171 650 3257 tradere.
688 3172 785 3251 Quod
805 3171 832 3232 si
851 3171 939 3233 atiud
957 3170 1140 3237 dutiuisseur

99 3272 192 3334 ctiam
209 3273 306 3334 latere
326 3291 393 3335 uon
413 3283 550 3353 paterer.
589 3275 682 3335 Nunc
704 3272 805 3355 igitur
822 3293 895 3335 cum
918 3272 1063 3356 diligenti
1088 3275 1137 3339 in-

100 3372 328 3453 vestigatione,
348 3372 490 3435 studiosa
515 3373 665 3455 indagine
683 3375 895 3455 compererim
916 3374 1049 3452 Guapaci
1073 3370 1148 3439 vim,

102 3474 212 3553 (quam
234 3472 266 3534 ‘si
286 3469 419 3555 quidem
436 3493 502 3534 non
522 3473 605 3536 beue
625 3474 786 3548 intellexi,
815 3496 909 3538 error
932 3486 999 3552 est,
1028 3474 1077 3538 sin
1100 3486 1137 3539 ut

103 3570 245 3652 oportuit
268 3593 337 3635 rem
366 3572 494 3654 accepi,
526 3596 632 3658 neque
666 3578 847 3656 praemium,
876 3595 983 3658 neque
1008 3577 1137 3641 iaudent

101 3690 295 3753 magnopere
314 3675 443 3747 affecto)
465 3674 601 3738 fideliter
619 3676 724 3738 omnia
744 3678 874 3737 trudant.
912 3676 1015 3759 idque
1035 3674 1135 3739 medit

102 3773 236 3833 cementi
248 3771 341 3853 hujus
355 3773 488 3848 merito,
508 3794 549 3837 ue
565 3776 657 3837 tentis
673 3774 837 3839 benehciis
855 3774 998 3856 ingratus
1013 3776 1136 3839 viden.

102 3869 215 3954 itaque
227 3870 273 3933 sic
289 3873 407 3950 sentio,
427 3892 499 3934 cum
515 3873 658 3956 alioquin
668 3875 819 3939 varietate
831 3878 1136 3941 medicamentorum
1153 3916 1157 3921 ·

99 3985 361 4054 corrumpamur,
395 3973 514 4054 optime
543 3972 639 4037 habiti
673 3975 816 4038 homiues
840 3976 954 4053 multi,
989 3976 1136 4040 nonnuli·

99 4072 257 4143 inteream
274 4074 385 4151 etiam,
411 4075 528 4136 nuliam
549 4073 589 4136 ad
607 4075 669 4137 hoo
687 4075 862 4139 remedium
881 4075 1008 4139 aliunde
1028 4096 1136 4141 aecer·

95 4173 229 4237 seudum
242 4194 356 4256 opem,
376 4175 481 4255 ipsum
502 4175 693 4257 extirpando
713 4175 787 4240 huic
806 4175 921 4238 morbo
941 4198 1040 4241 arnum
1060 4177 1135 4241 sctis

101 4292 188 4351 esre,
207 4274 328 4358 siquid
347 4276 498 4351 addatur,
519 4275 654 4337 maxime
673 4294 804 4351 eorum,
827 4296 899 4361 tpue
922 4276 1003 4340 iutra
1019 4276 1136 4359 accipi·

100 4384 214 4451 turtur,
234 4375 275 4447 ab
295 4377 358 4437 hoc
380 4373 485 4456 juvari
505 4374 583 4447 nihii
603 4372 725 4455 ipsum,
746 4396 843 4456 posce
865 4388 972 4441 autem
990 4376 1077 4451 fleri,
1094 4376 1137 4445 ,ui
