2632 5086
643 1320 688 1407 b)

338 1497 547 1564 siberti
584 1468 985 1579 Archiepiseopt

532 1659 789 1729 Moguntini
892 1672 894 1676 ⁴

581 1821 692 1878 ost

251 1969 680 2067 Epistulam
729 1968 1079 2044 LeonisX.

475 2150 861 2267 Responsio}

584 2414 755 2431 ’ὑπ’

148 2579 342 2672 Beatissime
377 2612 473 2675 Pater
499 2624 531 2673 et
559 2612 713 2687 Domine,
750 2611 888 2695 Domine
917 2606 1174 2674 elementissimei

151 2722 225 2787 post
244 2709 411 2774 humillima
430 2710 594 2773 beatorum
609 2715 725 2792 pedum
744 2715 860 2776 oseuia.
879 2711 1043 2774 Vieesimo
1061 2707 1173 2793 quinto

116 2802 120 2809 ’
153 2809 206 2871 die
227 2808 376 2874 Octobris
405 2811 512 2891 accepi
539 2811 680 2895 quinque
706 2813 832 2888 brevia,
863 2833 925 2895 qua
944 2813 1052 2886 decet,
1082 2827 1177 2871 reve-

148 2911 250 2971 rentia
284 2922 314 2972 et
347 2912 570 2994 observatione
603 2912 817 2974 areverendo
847 2900 1036 2974 DeMarino
1057 2907 1174 2971 carae.

148 3009 250 3093 einis,
271 2992 303 3070 et
322 3032 340 3071 a
358 3011 398 3074 D.
422 3010 619 3091 Hieronymo
639 3012 824 3084 Aleandr0‚
852 3008 975 3071 nunciis
997 3006 1173 3068 sanctitatis

148 3110 281 3173 Vestrae.
301 3149 338 3163 -
365 3111 477 3173 Primo
491 3102 708 3194 significatur,
736 3109 1001 3195 quemadmodum
1021 3094 1174 3169 Sanctitas

148 3210 264 3300 Vestra
284 3212 325 3274 Ι).
346 3212 532 3275 Caraeeioio
555 3214 723 3293 negotium
743 3210 867 3273 dederit
885 3221 917 3270 et
937 3205 1174 3269 abutendaverit

148 3310 299 3375 nuncium
307 3313 347 3373 nd
356 3312 435 3375 caes.
444 3311 660 3393 Majestatenr,
673 3312 762 3395 quod
770 3310 856 3375 dium
866 3309 941 3372 mihi
950 3308 1173 3391 gratrrmintel·

147 3407 293 3485 luxisset,
307 3412 463 3494 simulque
480 3432 593 3500 rosam·
603 3434 728 3475 auream
741 3422 953 3474 consecratam
963 3406 1171 3491 gratissimum

149 3528 262 3571 munus
284 3512 370 3573 duno
390 3512 491 3574 mittit.
531 3512 641 3575 Altero
665 3513 805 3595 praeeipit
824 3512 972 3574 Sanctitas
990 3512 1110 3573 -Vestra
1135 3522 1171 3573 ut

145 3607 248 3671 eidem
266 3610 307 3672 D.
330 3608 513 3702 Caraeeioio
536 3612 666 3676 deinde:
688 3612 800 3675 Tertio
818 3623 900 3675 utet
918 3614 958 3674 D.
972 3613 1168 3690 Hieronymo

144 3709 305 3771 Alcandro
326 3711 443 3771 nuncio
464 3695 625 3791 peenaiiter
639 3713 733 3774 misso
750 3714 788 3774 ud
803 3712 1041 3795 exsequendam
1054 3710 1171 3775 huttarn

142 3807 309 3885 Lutherii,
345 3808 513 3891 diligenter
544 3824 576 3874 et
605 3814 745 3875 studiose
778 3813 887 3875 adsim.
932 3814 1054 3895 Quarto
1088 3832 1167 3874 vero

141 3908 332 3990 praeseribit,
366 3931 427 3993 qua
457 3909 508 3972 via
533 3912 607 3974 mihi
637 3914 864 3989 incedendum,
898 3914 937 3995 ed
965 3904 1169 3974 excitamini

140 4008 296 4073 Lutherie
318 4011 451 4072 haeresin
471 4012 742 4095 exstinguendam.
780 4015 947 4101 Postremo
968 4015 1008 4079 de
1022 4014 1167 4077 Htitteno

137 4111 382 4191 compescendo·
403 4151 440 4164 -
481 4114 645 4195 Principio
682 4114 805 4197 itaque,
839 4114 1025 4179 Beatissimo
1041 4113 1158 4175 Pater!

139 4210 240 4272 habeo
259 4213 390 4294 gratiam
407 4215 573 4289 maximam
593 4213 751 4277 Saurtituti
773 4216 915 4291 vestm,
930 4228 996 4278 tum
1016 4214 1104 4296 qued
1124 4214 1166 4277 Ι).

140 4305 355 4375 Carneeielunr
375 4314 495 4377 miserit
513 4314 682 4389 nuncium,
701 4327 739 4377 ut
755 4316 881 4379 ridetur
893 4315 1045 4378 ideunem
1060 4327 1092 4377 et
1105 4313 1166 4379 urt-
