2632 5086
465 710 629 787 Fortuna
651 711 838 814 Dialogus
1092 720 1161 795 377

141 902 259 966 scilicet
279 915 331 965 aut
351 923 460 966 omnes
480 915 553 966 suut
570 904 766 987 hujusmodi,
786 918 839 968 aut
857 906 914 968 tibi
934 927 955 967 e
969 908 1164 986 paucissimis

140 1008 197 1067 uni
218 998 383 1088 contingd
402 1005 479 1067 talis.
518 1008 589 1088 Age
608 1027 705 1083 vero,
726 1005 802 1090 quid
823 1007 850 1070 si
868 1007 972 1088 ipsum
991 1009 1050 1070 tibi
1070 1009 1166 1073 inter.

141 1108 248 1168 turbet
276 1108 375 1170 otium
400 1107 451 1169 illa
478 1118 643 1188 tantopere
666 1107 763 1187 petita
793 1107 900 1169 uxor?
931 1107 957 1170 si
984 1120 1015 1169 te
1032 1132 1163 1193 inagna,

139 1220 172 1270 et
191 1209 316 1271 insueta
333 1219 446 1275 oneret
462 1208 628 1272 molestia?
658 1209 684 1268 ai
705 1209 849 1290 quotidie
869 1220 972 1271 tecum
989 1211 1089 1293 litiget
1107 1213 1165 1274 ira-

142 1312 264 1383 cunda,
294 1329 435 1384 morosa,
462 1321 494 1371 et
514 1309 649 1391 aspera?
679 1309 706 1373 si
726 1320 757 1371 et
776 1331 862 1373 stiam
881 1310 1004 1384 dotem,
1030 1324 1060 1372 et
1081 1325 1164 1377 tuam

141 1421 357 1490 paupertatem
376 1411 563 1489 profundat,
585 1432 620 1472 ac
639 1410 809 1490 dilapidet?
834 1409 861 1472 si
879 1410 911 1471 in
930 1421 1046 1472 tautum
1065 1434 1165 1492 ingro-

137 1525 256 1576 tantom
278 1533 388 1573 euitare
409 1510 503 1587 nolit,
530 1521 564 1571 ut
583 1510 684 1593 fugiat
703 1509 824 1573 otiam?
851 1511 937 1592 Quid
956 1510 1057 1592 fugiat
1075 1512 1165 1576 ulixi?

141 1625 176 1676 ut
197 1616 331 1695 aliquem
352 1610 462 1678 melina
486 1613 650 1674 habentem
675 1614 829 1674 moeclmm
854 1612 1032 1694 sequatur?
1065 1613 1091 1673 oi
1111 1615 1165 1675 ubi

141 1727 175 1776 tu
196 1713 314 1788 rideas,
343 1713 410 1793 ipsa
430 1711 560 1791 lugeat?
580 1710 636 1774 ubi
654 1722 686 1773 to
706 1712 798 1772 dolor
821 1713 947 1787 habeat,
979 1711 1044 1792 ipsa
1064 1713 1165 1778 lotitia

139 1815 295 1877 ituultet?
324 1815 351 1875 si
374 1813 478 1874 omnia
506 1813 638 1874 adverse
665 1822 753 1893 agat,
779 1813 857 1875 nitttt
881 1811 1054 1874 seemidum
1082 1823 1165 1881 tuam

141 1915 363 1978 voluntatem?
402 1913 456 1974 'i'u
487 1923 591 1976 autem
621 1922 730 1993 peetus
760 1923 849 1978 tuum
876 1912 998 1994 aperies
1017 1913 1165 1985 mulieri?

143 2029 196 2080 ant
216 2015 312 2084 uxori
333 2024 454 2078 secreta
472 2011 672 2096 committes?

570 2144 736 2207 Hutten.

218 2272 296 2336 Satis
316 2269 532 2352 philosophata
546 2288 595 2333 es,
616 2268 657 2331 da
673 2289 824 2342 uxorem,
846 2269 885 2330 de
901 2267 947 2331 his
960 2267 1028 2350 ipse
1041 2266 1164 2331 videro.

558 2401 752 2463 Fortuna.
843 2436 846 2442 ·

220 2525 321 2601 Quam
339 2521 396 2583 ubi
416 2531 525 2585 nactus
545 2515 663 2594 fueris,
684 2516 728 2583 ita
747 2515 846 2580 otium
866 2532 959 2598 ages,
979 2527 1014 2577 ut
1034 2513 1163 2579 omnino

146 2623 222 2686 nihil
244 2622 366 2687 lacios?

570 2745 740 2813 Hutten.

220 2879 320 2942 Immo
345 2877 460 2961 aliquid
487 2896 629 2958 semper,
665 2872 825 2958 quoddam
852 2875 937 2937 euim
964 2873 1166 2953 negotiosum

144 2983 219 3051 mihi
242 2984 340 3044 otium
360 2997 525 3060 propono,
553 2977 612 3041 uisi
631 2998 698 3039 uon
717 2976 846 3036 multum
868 2986 965 3057 agunt
986 2974 1165 3055 aliqnando,

142 3099 181 3151 ut
201 3088 320 3149 Seneca
341 3081 399 3157 ait,
430 3077 486 3162 qui
511 3078 586 3141 nihil
610 3097 705 3160 agere
725 3077 892 3153 videntur,
920 3073 1166 3155 contemplabor,

142 3188 294 3260 studebo,
328 3186 451 3262 legam,
479 3180 682 3244 elucubrabo.
737 3176 778 3242 ΟΙ
798 3174 1006 3250 ‹iesiderabile
1036 3174 1165 3248 bonum,

144 3300 287 3370 optatum
302 3299 447 3367 portum,
471 3284 592 3345 beatam
609 3278 878 3364 tranquillitatem,
899 3279 963 3339 duc
980 3296 1031 3339 nte
1050 3295 1109 3354 age
1125 3271 1169 3335 ad

143 3391 257 3464 vitam,
286 3388 401 3468 inqua
424 3387 484 3448 erit
505 3387 604 3448 otium
624 3404 696 3449 oum
716 3378 885 3462 dignitate,
916 3376 1081 3461 negotium
1100 3372 1168 3438 sine
1232 3416 1240 3433 .

140 3493 299 3592 periculo.
338 3491 414 3552 Haec
434 3500 584 3551 votorum
602 3505 719 3550 summa
741 3495 819 3544 esto.

522 3612 524 3616 ἱ
559 3629 754 3692 Fortuna.

221 3758 348 3820 Vereor
376 3777 418 3818 ne
448 3753 623 3816 amittenda
652 3747 811 3832 dignitatis
841 3754 942 3807 metus
970 3739 1009 3802 ab
1040 3736 1108 3800 otio
1137 3744 1169 3797 te

145 3860 294 3940 repellat,
315 3850 369 3920 alit
387 3856 472 3920 enitn
491 3852 674 3936 dignitatem
690 3846 867 3932 negotium.

579 3992 749 4054 Hutten.

220 4125 303 4193 Illud
322 4123 517 4189 laboriosinn
536 4107 721 4199 negotium,
744 4131 856 4173 verum
875 4105 970 4181 dieis,
997 4114 1062 4167 tum
1081 4099 1169 4163 aliam

144 4246 229 4309 ego,
263 4239 360 4310 quom
385 4224 419 4290 in
448 4221 525 4285 aulis
556 4216 625 4292 isti,
662 4214 842 4296 dignitatem
867 4220 981 4281 tueor,
1019 4201 1077 4266 sed
1107 4198 1169 4279 jam

145 4347 273 4392 omnem
285 4346 373 4407 pana
390 4343 451 4404 pso
467 4342 519 4385 nia
537 4337 663 4390 miram,
683 4325 800 4379 tantum
813 4308 888 4373 illud
910 4308 968 4381 da,
990 4303 1078 4387 qumi
1098 4319 1169 4372 oro,
