2632 5086
331 740 379 811 ad
404 738 594 814 Albertum
616 739 778 847 Princip.
802 742 862 817 lib.
1018 754 1112 825 -263
1200 824 1205 832 ,

84 952 199 1017 aquam
225 932 307 996 inter
333 941 441 995 cutem
459 933 536 1016 agri
553 919 757 1012 contrrhunt,
791 959 858 1001 non
876 938 968 1002 nullis
984 941 1111 1004 enites·

83 1046 171 1097 ratur
199 1031 323 1110 vesica,
363 1044 395 1094 et
424 1044 460 1095 ut
485 1033 653 1114 plurimum
676 1037 768 1115 jecur
782 1058 832 1100 -ac
859 1041 1053 1103 stomachum
1078 1038 1114 1105 iu

83 1147 186 1197 totum
202 1134 310 1213 perdit
333 1134 398 1197 hnc
415 1135 580 1217 aegritudo.
623 1135 748 1201 Verum
766 1136 811 1201 ibi
834 1139 949 1203 falsum
968 1142 1031 1204 hoc
1051 1154 1109 1217 est,

86 1236 175 1319 qnod
203 1235 332 1298 videtur
349 1234 539 1316 quibusdam
563 1240 692 1322 tubera,
724 1240 943 1316 collectiones,
971 1241 1058 1305 sinus
1079 1252 1112 1305 et

84 1339 188 1399 nodos
214 1355 281 1397 non
309 1354 379 1398 csse
406 1333 508 1421 hujus,
526 1336 630 1399 morbi
661 1339 807 1421 propria,
844 1351 899 1402 aut
932 1341 1112 1405 necessario

85 1460 158 1499 eum
176 1437 350 1519 consequi,
375 1437 432 1498 scd
448 1437 635 1519 provenire,
662 1440 709 1502 his
731 1439 786 1524 qui
801 1443 947 1523 peruncti
967 1442 1046 1518 siut,
1065 1464 1110 1507 ex

85 1539 206 1622 argenti
230 1538 297 1600 vivi
317 1537 442 1600 malitia.
488 1539 738 1621 Quamquamin
752 1541 811 1603 huc
832 1541 983 1621 opinione
1000 1562 1114 1627 magns

86 1662 143 1720 per
162 1638 363 1702 Germaniam
387 1638 583 1700 medicorum
609 1658 699 1720 perr,
737 1641 771 1701 in
794 1643 879 1703 huuc
901 1663 1005 1725 usque
1027 1643 1113 1707 diem

83 1739 332 1823 pertinacissime
353 1740 459 1802 lueret.
504 1739 566 1802 Sed
584 1739 616 1802 hi
638 1751 798 1822 quotquot
818 1751 908 1817 sunt,
936 1745 1023 1803 utin
1045 1744 1112 1807 aliis

85 1844 127 1903 dc
145 1844 206 1904 hoc
224 1839 338 1903 morbo
359 1839 462 1902 multis
485 1840 619 1918 turpiter
637 1840 810 1915 falluntur,
841 1842 884 1902 ita
906 1844 968 1913 hoc
993 1853 1113 1907 temere

87 1937 401 2022 persuadere-conati
425 1950 508 2000 sunt.
556 1940 635 2003 Nam
653 1941 824 2023 contigisse
846 1942 910 2005 liaec
928 1963 1010 2024 quos
1030 1945 1116 2007 nulls

88 2062 225 2123 uuquam
251 2038 392 2121 tetigerit
418 2040 608 2117 perunctio,
643 2039 712 2123 ipse
741 2039 808 2103 vitli
828 2043 933 2106 multis
954 2052 986 2104 et
1008 2042 1042 2113 in
1062 2042 1113 2111 hin
1163 2032 1166 2039 ¹

88 2142 216 2208 Ulricho
235 2142 276 2204 de
294 2142 419 2205 Huttcu
435 2139 517 2227 patri
531 2161 616 2204 meo.

471 2364 696 2389 Μ

116 2510 140 2567 ⁹
492 2524 605 2591 eun
643 2527 704 2591 1v.

88 2723 172 2813 Qua
195 2720 560 2820 primummedicina
591 2723 760 2796 restitum
784 2724 867 2799 huic
892 2728 1025 2803 morbo
1051 2722 1111 2801 sit.

161 2934 198 2998 ln
222 2937 280 3000 lnc
309 2931 503 2997 medicorum
528 2934 783 3000 consternatione
806 2938 854 2998 tris
879 2920 1113 3000 erroribus‘in-

85 3047 254 3120 gesserunt
273 3057 308 3098 se
334 3033 504 3115 chirurgici
525 3054 652 3096 manum
674 3035 900 3112 ,admolientem
923 3034 1114 3116 septimum

83 3138 229 3202 causticis
250 3155 387 3198 exurere
410 3135 547 3199 scabiem
574 3133 680 3197 conati
695 3144 797 3208 suut,
821 3134 937 3197 deinde
962 3134 1037 3217 quia
1055 3133 1113 3197 im·

84 3262 225 3303 mensum
247 3248 315 3299 erut
335 3235 459 3320 singula
477 3234 681 3318 contingere,
709 3234 804 3297 toties
826 3233 955 3297 admoto
977 3232 1113 3311 medicu-
1210 3268 1213 3273 ·
1248 3294 1263 3311 ,,

83 3343 183 3416 mine,
204 3342 327 3411 ulcera,
348 3334 611 3419 excogitaverunt
627 3346 794 3418 unguento
807 3337 1007 3419 restinguere
1027 3356 1112 3399 cum.

85 3442 158 3503 Hoc
175 3440 267 3521 aliter,
284 3437 336 3500 atii
358 3436 534 3511 faciebant,
561 3423 674 3498 verum
690 3436 777 3498 nullo
797 3436 966 3519 quisquam
984 3437 1111 3512 effectu,

87 3550 250 3621 argentum
265 3540 375 3601 sivum
397 3537 454 3622 qui
475 3557 542 3599 non
561 3535 741 3599 addidisset.
786 3536 958 3600 Credebant
977 3535 1011 3599 in
1028 3539 1112 3601 huuc

87 3662 179 3702 usum
198 3642 344 3722 pulveres
368 3640 534 3718 myrrho„
555 3636 714 3713 masticis,
755 3654 910 3713 cerusso,
946 3638 1113 3701 baccarum

87 3737 184 3812 lauri,
213 3738 376 3814 aluminis,
403 3738 480 3809 ,boli
508 3737 669 3812 armeniae,
704 3736 878 3813 cinabaris,
917 3737 1023 3814 minii,
1056 3758 1113 3800 co·

90 3837 189 3913 tollii,
219 3837 289 3901 salis
309 3838 387 3915 usti,
429 3836 539 3901 viridis
559 3836 646 3913 eris,
677 3837 787 3900 scotie
815 3838 957 3918 plumbi,
992 3835 1112 3919 plumbi

88 3935 169 4012 usti,
197 3938 350 4021 nrhiginis
372 3938 468 4013 ferri,
507 3937 618 4000 resino
644 3938 801 4018 vulgaris,
834 3950 866 4000 et
886 3937 1111 4007 terebinthum.

85 4038 239 4101 Oleorum
267 4040 386 4124 optime
418 4039 558 4102 omnium
591 4037 772 4115 laurinum,
810 4039 936 4102 deiude
967 4039 1110 4122 simplex,

82 4160 269 4216 rosaceum,
307 4138 577 4214 terebirrthinum,
617 4150 650 4201 et
682 4160 797 4223 magno
820 4140 936 4203 etteeru
958 4140 1112 4223 juniperi-

81 4263 177 4319 num,
212 4262 249 4304 ac
267 4239 446 4304 nardinum.
489 4237 628 4320 Adipes,
655 4236 782 4317 suillus,
815 4240 994 4316 amerinus,
1031 4241 1112 4306 ursi·

82 4366 161 4422 nus,
178 4348 352 4418 humanus,
370 4343 513 4422 inclinus.
551 4338 630 4403 uon
649 4340 770 4424 pingue
789 4361 831 4405 er
851 4345 969 4425 ungula
983 4343 1109 4418 bovillo,
