2632 5086
213 791 285 869 248
315 894 318 900 .
485 786 563 883 'De
588 784 740 883 Guajaei
764 784 949 863 medicina

213 995 248 1061 st
264 982 365 1046 cruda
382 979 593 1051 manducans,
620 975 742 1057 papulis
762 974 948 1042 afficerebrr.
990 975 1103 1064 ltaque
1122 979 1239 1062 petitus

214 1096 248 1150 et
263 1082 332 1164 ipse
350 1079 492 1142 maximis
510 1075 693 1153 itineribus,
713 1097 830 1162 magno
848 1080 889 1140 ad
902 1080 1049 1145 sacellum
1063 1080 1135 1157 ejus
1151 1083 1240 1165 quod

213 1185 248 1251 in
261 1180 457 1246 Vestericlris
470 1189 536 1253 est,
557 1177 642 1239 sacto
657 1178 820 1242 hominum
838 1199 1017 1257 concursu,
1038 1181 1240 1245 offerentium

214 1268 347 1351 muner‘a
366 1279 491 1343 affatim.
530 1278 632 1362 idque
651 1278 764 1361 ignoto
784 1277 855 1363 ejus
881 1281 982 1344 adhuc
1000 1279 1035 1344 in
1061 1283 1162 1364 vulgo
1182 1299 1240 1361 per

215 1360 415 1449 iisnnaniam
428 1379 573 1454 nomine,
587 1379 613 1440 F
616 1378 744 1443 iaerium
758 1378 905 1461 dlcebant
917 1379 1002 1444 enim
1013 1402 1074 1464 pro
1086 1382 1240 1466 Evagrio.

212 1486 329 1567 Neque
348 1493 384 1543 ut
409 1478 540 1542 vixisset
559 1479 761 1563 quaerebant,
787 1500 884 1563 posse
902 1492 1022 1546 tanturn
1040 1481 1152 1561 juvare
1172 1504 1240 1547 cre·

212 1584 341 1648 debant.
384 1581 478 1642 Tales
507 1579 639 1645 luerunt
657 1580 720 1642 hoe
738 1579 771 1642 in
795 1589 939 1656 terrore,
968 1582 1015 1645 sic
1042 1593 1119 1645 ortae
1139 1584 1239 1647 bomi-

212 1705 290 1749 num
318 1680 496 1764 opiniones.
556 1678 717 1760 Suspenso
746 1689 780 1740 et
810 1680 851 1743 ad
880 1681 1028 1744 Rochum
1058 1682 1165 1765 signa,
1203 1705 1239 1746 ac

213 1783 355 1847 oruninm
383 1779 574 1862 abantiquo
600 1781 747 1842 refricata
765 1779 882 1844 ulcera'.
912 1780 953 1842 Si
978 1782 1085 1845 studio
1104 1781 1238 1863 pictatis,

210 1902 278 1947 uon
297 1881 464 1964 improbo,
492 1881 541 1945 sin
561 1890 599 1942 ut
616 1878 736 1962 aliquid
754 1878 1011 1960 apiscerentur,
1036 1885 1150 1967 quiqui
1168 1885 1239 1948 lue·

211 1994 303 2058 runt,
325 1992 575 2055 commentores,
596 1978 695 2042 miror
714 1989 798 2042 tanta
816 1979 849 2042 in
866 1981 992 2063 publica
1010 1985 1239 2047 consternatio.

211 2102 274 2158 ue,
304 2081 336 2144 in
356 2092 419 2143 tam
438 2078 606 2155 miserabili
626 2079 752 2141 humani
776 2082 905 2163 generis
930 2083 1122 2161 calamitate,
1152 2105 1240 2148 com·

209 2182 296 2248 muni
318 2182 455 2257 dolore,
486 2178 591 2243 fraudi
620 2181 726 2242 locum
749 2180 860 2245 fuisse.
908 2182 958 2245 lbi
984 2196 1052 2247 tum
1077 2185 1140 2249 Dei
1159 2186 1238 2251 iram

209 2281 408 2363 interpretati
432 2291 506 2343 sunt
531 2279 691 2362 theologi,
717 2301 814 2363 quem
838 2283 918 2345 banc
936 2286 1089 2348 malorum
1109 2306 1127 2346 a
1145 2287 1239 2349 nobis

210 2405 335 2450 monam
355 2404 478 2466 posnam
497 2383 646 2464 exigere,
679 2384 741 2444 hoe
766 2381 955 2462 supplicium
972 2405 1115 2460 sumere,
1148 2407 1184 2447 ac
1210 2385 1236 2448 si

210 2484 245 2550 in
263 2504 438 2567 supernum
463 2483 541 2548 illud
570 2481 739 2571 concilium
764 2481 890 2546 admissi
914 2482 1083 2566 aliquando
1110 2485 1237 2549 didicis·

209 2597 299 2661 sent,
322 2585 450 2667 publice
472 2585 672 2656 docuerunt,
698 2581 788 2665 quasi
806 2603 968 2664 nunquam
988 2580 1079 2663 pejus
1098 2584 1238 2649 vixerint

209 2684 374 2757 homines,
405 2692 542 2745 autnon
564 2703 663 2745 aureo
682 2683 735 2744 illo
754 2682 893 2766 Augusti
913 2692 946 2743 et
965 2683 1098 2761 T·yberii
1116 2689 1237 2762 seculo,

211 2804 277 2869 quo
299 2781 462 2848 Christum
481 2804 614 2869 quoque
634 2784 756 2846 versari
774 2783 807 2847 in
826 2784 919 2846 terris
940 2784 1090 2864 contigit,
1108 2786 1237 2866 pessimi

209 2883 303 2949 niun
321 2884 426 2946 morbi
445 2883 608 2967 coeperint.
645 2884 707 2946 Vel
726 2870 805 2947 bime
824 2882 888 2946 vim
901 2894 1013 2945 natura
1031 2905 1096 2946 non
1111 2886 1237 2960 babeat,

209 2996 246 3049 ut
268 3005 372 3047 novos
399 2974 536 3047 subinde
561 2984 691 3048 morbos
716 2984 859 3057 invehat,
887 2983 1054 3048 maximam
1079 2978 1237 3050 interdum

210 3085 243 3149 in
269 3085 389 3161 rebus,
427 3084 521 3149 etiam
555 3084 622 3148 aliis
650 3084 858 3149 mutationem
886 3083 1017 3147 adferat.
1064 3084 1132 3149 Aut
1157 3106 1236 3148 vero

209 3189 318 3250 nostr'a
348 3186 450 3248 statim
477 3196 684 3268 tempestate,
718 3196 812 3267 atque
843 3185 906 3248 boc
937 3183 1069 3245 biennio
1098 3184 1234 3261 demum,

210 3285 285 3370 quia
305 3285 419 3349 morati
446 3285 565 3364 optime
590 3285 734 3349 homines
752 3285 832 3358 sint,
863 3283 1041 3367 aegritudini
1061 3286 1235 3348 remedium

211 3384 391 3447 inveniatur
417 3384 605 3462 Guajacum.
648 3387 743 3452 Adeo
762 3385 845 3448 inter
864 3407 899 3448 se
918 3395 1075 3467 pugnant,
1102 3406 1173 3471 quaa
1192 3385 1238 3450 illi

211 3495 332 3550 mentes
350 3496 387 3557 ut
405 3485 465 3548 sibi
485 3487 613 3550 videtur
631 3486 777 3550 Deorum
797 3495 1014 3566 exponentes,
1040 3485 1134 3548 nobis
1160 3505 1237 3548 oon·

210 3585 395 3663 cionantur,
422 3585 682 3651 lactnm'deinde
707 3583 838 3649 medicis
855 3585 1039 3665 negotium,
1070 3607 1138 3650 non
1159 3586 1237 3668 quid

209 3688 335 3751 tolleret
354 3687 516 3764 morbum,
544 3687 601 3750 sed
620 3685 699 3768 quid
717 3684 811 3748 iaciat
829 3683 1074 3768 inquirentibus.
1117 3687 1143 3748 F
1146 3686 1236 3767 ugia·

210 3787 286 3852 bant
304 3786 375 3867 ejus
394 3810 495 3869 porro
515 3797 694 3867 aspectum,
723 3785 841 3849 nedum
859 3797 1008 3851 contactu
1028 3786 1235 3863 abstinebant,

210 3900 247 3953 ut
265 3888 368 3952 morbi
388 3899 539 3971 praterea
563 3887 689 3950 nullius.
729 3886 857 3971 Quippe
876 3898 961 3951 tanta
977 3888 1054 3963 luit,
1080 3909 1153 3952 cnm
1171 3890 1236 3968 pri-

211 4008 297 4051 mum
328 3988 466 4052 oriretur
482 4033 491 4063 ,
507 3996 512 4007 '
529 3986 694 4064 foeditate,
725 3999 761 4051 ut
788 3989 845 4074 qui
873 4011 960 4054 nune
986 4001 1148 4074 grassatur
1178 3989 1234 4050 vix

211 4086 293 4151 illius
319 4087 446 4169 generis
474 4106 544 4150 esse
570 4098 710 4169 putetur.
761 4089 874 4154 Ulcera
897 4090 931 4153 in
959 4111 1088 4172 werna
1113 4087 1235 4171 glandis

211 4188 350 4270 speeiem
368 4199 402 4251 et
425 4187 688 4268 magnitudinem,
715 4208 841 4272 aspera,
855 4200 1070 4278 ¹exporrecta,
1100 4208 1235 4268 spurcus

213 4290 253 4352 ab
272 4291 319 4353 his
338 4288 502 4369 profluens
528 4290 665 4363 humor,
697 4290 794 4353 lutor
811 4309 891 4352 vero
909 4300 1013 4355 tantus
1033 4290 1180 4350 exhalans
1199 4298 1235 4349 ut

212 4389 305 4468 eujus
324 4408 417 4451 nares
437 4387 623 4473 contigisset
641 4387 810 4466 odoi-ille,
838 4389 924 4454 inlici
942 4409 1020 4454 mox
1039 4389 1235 4454 crederetur.
