<?xml version="1.0" encoding="UTF-8"?>
<!DOCTYPE html PUBLIC "-//W3C//DTD XHTML 1.0 Transitional//EN"
    "http://www.w3.org/TR/xhtml1/DTD/xhtml1-transitional.dtd">
<html xmlns="http://www.w3.org/1999/xhtml" xml:lang="en" lang="en">
 <head>
  <title>
</title>
<meta http-equiv="Content-Type" content="text/html;charset=utf-8" />
  <meta name='ocr-system' content='tesseract 3.04.00' />
  <meta name='ocr-capabilities' content='ocr_page ocr_carea ocr_par ocr_line ocrx_word'/>
</head>
<body>
  <div class='ocr_page' id='page_1' title='image "./ulrichiabhutten02mngoog_0543.png"; bbox 0 0 2632 5086; ppageno 0'>
   <div class='ocr_carea' id='block_1_1' title="bbox 366 743 1128 846">
    <p class='ocr_par' dir='ltr' id='par_1_1' title="bbox 366 743 1128 846">
     <span class='ocr_line' id='line_1_1' title="bbox 366 743 1128 846; baseline 0.01 -29"><span class='ocrx_word' id='word_1_1' title='bbox 366 743 606 843; x_wconf 84' lang='lat' dir='ltr'>Inspicientes</span> <span class='ocrx_word' id='word_1_2' title='bbox 631 745 818 846; x_wconf 83' lang='lat' dir='ltr'>Dialogus.</span> <span class='ocrx_word' id='word_1_3' title='bbox 1057 756 1128 826; x_wconf 76' lang='lat'>633</span> 
     </span>
    </p>
   </div>
   <div class='ocr_carea' id='block_1_2' title="bbox 110 938 1128 1021">
    <p class='ocr_par' dir='ltr' id='par_1_2' title="bbox 110 938 1128 1021">
     <span class='ocr_line' id='line_1_2' title="bbox 110 938 1128 1021; baseline 0 -18"><span class='ocrx_word' id='word_1_4' title='bbox 110 943 340 1003; x_wconf 82' lang='lat' dir='ltr'>Germanorum</span> <span class='ocrx_word' id='word_1_5' title='bbox 359 939 548 1011; x_wconf 85' lang='lat' dir='ltr'>institutum,</span> <span class='ocrx_word' id='word_1_6' title='bbox 577 954 672 1021; x_wconf 84' lang='lat' dir='ltr'>atque</span> <span class='ocrx_word' id='word_1_7' title='bbox 692 938 789 1017; x_wconf 73' lang='lat' dir='ltr'>igitur</span> <span class='ocrx_word' id='word_1_8' title='bbox 807 939 858 1001; x_wconf 88' lang='lat' dir='ltr'>hic</span> <span class='ocrx_word' id='word_1_9' title='bbox 876 940 954 1002; x_wconf 76' lang='lat' dir='ltr'>saliit</span> <span class='ocrx_word' id='word_1_10' title='bbox 973 941 1128 1021; x_wconf 75' lang='lat' dir='ltr'><strong>adagium,</strong></span> 
     </span>
    </p>
   </div>
   <div class='ocr_carea' id='block_1_3' title="bbox 108 1038 1225 1119">
    <p class='ocr_par' dir='ltr' id='par_1_3' title="bbox 108 1038 1225 1119">
     <span class='ocr_line' id='line_1_3' title="bbox 108 1038 1225 1119; baseline 0.002 -16"><span class='ocrx_word' id='word_1_11' title='bbox 108 1063 213 1103; x_wconf 78' lang='lat' dir='ltr'>utores</span> <span class='ocrx_word' id='word_1_12' title='bbox 240 1038 401 1102; x_wconf 86' lang='lat' dir='ltr'>hominum</span> <span class='ocrx_word' id='word_1_13' title='bbox 418 1038 545 1119; x_wconf 69' lang='lat' dir='ltr'>regioni</span> <span class='ocrx_word' id='word_1_14' title='bbox 564 1039 769 1117; x_wconf 78' lang='lat' dir='ltr'>respondero.</span> <span class='ocrx_word' id='word_1_15' title='bbox 817 1042 895 1101; x_wconf 83' lang='lat' dir='ltr'>Nam</span> <span class='ocrx_word' id='word_1_16' title='bbox 925 1040 973 1103; x_wconf 86' lang='lat' dir='ltr'>his</span> <span class='ocrx_word' id='word_1_17' title='bbox 1000 1042 1130 1105; x_wconf 77' lang='lat' dir='ltr'><strong>Germa·</strong></span> <span class='ocrx_word' id='word_1_18' title='bbox 1222 1054 1225 1059; x_wconf 88' lang='lat'>&#39;</span> 
     </span>
    </p>
   </div>
   <div class='ocr_carea' id='block_1_4' title="bbox 108 1136 1199 3821">
    <p class='ocr_par' dir='ltr' id='par_1_4' title="bbox 108 1136 1129 1604">
     <span class='ocr_line' id='line_1_4' title="bbox 108 1136 1129 1224; baseline 0.005 -22"><span class='ocrx_word' id='word_1_19' title='bbox 108 1163 184 1202; x_wconf 77' lang='lat' dir='ltr'>utun</span> <span class='ocrx_word' id='word_1_20' title='bbox 205 1142 277 1202; x_wconf 81' lang='lat' dir='ltr'>nihil</span> <span class='ocrx_word' id='word_1_21' title='bbox 299 1142 400 1216; x_wconf 86' lang='lat' dir='ltr'>adest,</span> <span class='ocrx_word' id='word_1_22' title='bbox 421 1158 453 1202; x_wconf 85' lang='lat' dir='ltr'>ot</span> <span class='ocrx_word' id='word_1_23' title='bbox 471 1143 496 1209; x_wconf 82' lang='lat' dir='ltr'>si</span> <span class='ocrx_word' id='word_1_24' title='bbox 517 1138 658 1201; x_wconf 81' lang='lat' dir='ltr'>onmium</span> <span class='ocrx_word' id='word_1_25' title='bbox 676 1138 810 1202; x_wconf 81' lang='lat' dir='ltr'>maxime</span> <span class='ocrx_word' id='word_1_26' title='bbox 828 1136 961 1213; x_wconf 58' lang='lat' dir='ltr'>florent}</span> <span class='ocrx_word' id='word_1_27' title='bbox 995 1162 1031 1202; x_wconf 85' lang='lat' dir='ltr'>ac</span> <span class='ocrx_word' id='word_1_28' title='bbox 1050 1164 1129 1224; x_wconf 83' lang='lat' dir='ltr'>opes</span> 
     </span>
     <span class='ocr_line' id='line_1_5' title="bbox 109 1239 1034 1323; baseline 0.002 -20"><span class='ocrx_word' id='word_1_29' title='bbox 109 1242 235 1304; x_wconf 84' lang='lat' dir='ltr'>habeut.</span> <span class='ocrx_word' id='word_1_30' title='bbox 273 1241 433 1303; x_wconf 86' lang='lat' dir='ltr'>Videntur</span> <span class='ocrx_word' id='word_1_31' title='bbox 453 1251 556 1302; x_wconf 75' lang='lat' dir='ltr'>autent</span> <span class='ocrx_word' id='word_1_32' title='bbox 576 1255 608 1300; x_wconf 82' lang='lat' dir='ltr'>et</span> <span class='ocrx_word' id='word_1_33' title='bbox 626 1239 713 1302; x_wconf 81' lang='lat' dir='ltr'>avari</span> <span class='ocrx_word' id='word_1_34' title='bbox 732 1262 819 1314; x_wconf 84' lang='lat' dir='ltr'>esse,</span> <span class='ocrx_word' id='word_1_35' title='bbox 840 1261 876 1301; x_wconf 83' lang='lat' dir='ltr'>ac</span> <span class='ocrx_word' id='word_1_36' title='bbox 897 1262 1034 1323; x_wconf 79' lang='lat' dir='ltr'><strong>rapaces.</strong></span> 
     </span>
     <span class='ocr_line' id='line_1_6' title="bbox 578 1341 661 1413; baseline 0 -12"><span class='ocrx_word' id='word_1_37' title='bbox 578 1341 630 1413; x_wconf 64' lang='lat' dir='ltr'>so</span> <span class='ocrx_word' id='word_1_38' title='bbox 641 1341 661 1401; x_wconf 92' lang='grc'>1.</span> 
     </span>
     <span class='ocr_line' id='line_1_7' title="bbox 185 1441 468 1524; baseline -0.021 -18"><span class='ocrx_word' id='word_1_39' title='bbox 185 1444 226 1506; x_wconf 67' lang='grc' dir='ltr'>[Ἰ</span> <span class='ocrx_word' id='word_1_40' title='bbox 248 1443 303 1524; x_wconf 84' lang='lat' dir='ltr'>qui</span> <span class='ocrx_word' id='word_1_41' title='bbox 323 1441 468 1505; x_wconf 83' lang='lat' dir='ltr'>maxime.</span> 
     </span>
     <span class='ocr_line' id='line_1_8' title="bbox 501 1540 729 1604; baseline 0.013 -3"><span class='ocrx_word' id='word_1_42' title='bbox 501 1540 729 1604; x_wconf 68' lang='lat' dir='ltr'>Phao&#39;thon.</span> 
     </span>
    </p>

    <p class='ocr_par' dir='ltr' id='par_1_5' title="bbox 108 1641 1130 1927">
     <span class='ocr_line' id='line_1_9' title="bbox 184 1641 1129 1726; baseline 0.003 -24"><span class='ocrx_word' id='word_1_43' title='bbox 184 1642 226 1702; x_wconf 88' lang='lat' dir='ltr'>Hi</span> <span class='ocrx_word' id='word_1_44' title='bbox 248 1663 347 1715; x_wconf 78' lang='lat' dir='ltr'>vora,</span> <span class='ocrx_word' id='word_1_45' title='bbox 369 1641 424 1722; x_wconf 88' lang='lat' dir='ltr'>qui</span> <span class='ocrx_word' id='word_1_46' title='bbox 445 1641 560 1703; x_wconf 81' lang='lat' dir='ltr'>vestitu</span> <span class='ocrx_word' id='word_1_47' title='bbox 581 1641 833 1719; x_wconf 76' lang='lat' dir='ltr'>‹tistinguuntur,</span> <span class='ocrx_word' id='word_1_48' title='bbox 854 1665 936 1726; x_wconf 86' lang='lat' dir='ltr'>quos</span> <span class='ocrx_word' id='word_1_49' title='bbox 956 1643 1048 1707; x_wconf 84' lang='lat' dir='ltr'>etiarn</span> <span class='ocrx_word' id='word_1_50' title='bbox 1066 1642 1129 1705; x_wconf 80' lang='lat' dir='ltr'>Iu·</span> 
     </span>
     <span class='ocr_line' id='line_1_10' title="bbox 108 1740 1129 1827; baseline 0.004 -26"><span class='ocrx_word' id='word_1_51' title='bbox 108 1740 147 1802; x_wconf 87' lang='lat' dir='ltr'>lia</span> <span class='ocrx_word' id='word_1_52' title='bbox 167 1741 277 1809; x_wconf 73' lang='lat' dir='ltr'>habnt,</span> <span class='ocrx_word' id='word_1_53' title='bbox 310 1759 341 1801; x_wconf 87' lang='lat' dir='ltr'>ot</span> <span class='ocrx_word' id='word_1_54' title='bbox 361 1742 473 1801; x_wconf 80' lang='lat' dir='ltr'>iratres</span> <span class='ocrx_word' id='word_1_55' title='bbox 492 1753 600 1827; x_wconf 60' lang='lat' dir='ltr'>vocat,</span> <span class='ocrx_word' id='word_1_56' title='bbox 635 1762 754 1822; x_wconf 82' lang='lat' dir='ltr'>quanto</span> <span class='ocrx_word' id='word_1_57' title='bbox 774 1759 849 1805; x_wconf 86' lang='lat' dir='ltr'>sunt</span> <span class='ocrx_word' id='word_1_58' title='bbox 867 1744 932 1818; x_wconf 89' lang='lat' dir='ltr'>hic,</span> <span class='ocrx_word' id='word_1_59' title='bbox 964 1763 1058 1825; x_wconf 85' lang='lat' dir='ltr'>quam</span> <span class='ocrx_word' id='word_1_60' title='bbox 1077 1766 1129 1805; x_wconf 93' lang='lat' dir='ltr'>us·</span> 
     </span>
     <span class='ocr_line' id='line_1_11' title="bbox 110 1838 1130 1927; baseline 0.009 -30"><span class='ocrx_word' id='word_1_61' title='bbox 110 1861 203 1920; x_wconf 81' lang='lat' dir='ltr'>quatu</span> <span class='ocrx_word' id='word_1_62' title='bbox 220 1838 291 1900; x_wconf 83' lang='lat' dir='ltr'>alibi</span> <span class='ocrx_word' id='word_1_63' title='bbox 311 1842 432 1921; x_wconf 64' lang='lat' dir='ltr'>plures,</span> <span class='ocrx_word' id='word_1_64' title='bbox 453 1856 553 1923; x_wconf 81' lang='lat' dir='ltr'>utque</span> <span class='ocrx_word' id='word_1_65' title='bbox 570 1841 770 1919; x_wconf 70' lang='lat' dir='ltr'>discurnun,</span> <span class='ocrx_word' id='word_1_66' title='bbox 790 1859 906 1926; x_wconf 82' lang='lat' dir='ltr'>agunt,</span> <span class='ocrx_word' id='word_1_67' title='bbox 927 1855 958 1906; x_wconf 86' lang='lat' dir='ltr'>et</span> <span class='ocrx_word' id='word_1_68' title='bbox 975 1854 1130 1927; x_wconf 81' lang='lat' dir='ltr'>satagunt.</span> 
     </span>
    </p>

    <p class='ocr_par' dir='ltr' id='par_1_6' title="bbox 108 1943 1130 2504">
     <span class='ocr_line' id='line_1_12' title="bbox 571 1943 658 2003; baseline 0.023 -2"><span class='ocrx_word' id='word_1_69' title='bbox 571 1943 658 2003; x_wconf 89' lang='lat' dir='ltr'>Sol.</span> 
     </span>
     <span class='ocr_line' id='line_1_13' title="bbox 185 2040 1130 2127; baseline 0.008 -28"><span class='ocrx_word' id='word_1_70' title='bbox 185 2041 358 2102; x_wconf 85' lang='lat' dir='ltr'>Heiluones</span> <span class='ocrx_word' id='word_1_71' title='bbox 380 2053 412 2101; x_wconf 81' lang='lat' dir='ltr'>et</span> <span class='ocrx_word' id='word_1_72' title='bbox 431 2040 508 2120; x_wconf 85' lang='lat' dir='ltr'>ipsi,</span> <span class='ocrx_word' id='word_1_73' title='bbox 530 2043 662 2118; x_wconf 71' lang='lat' dir='ltr'>inautus,</span> <span class='ocrx_word' id='word_1_74' title='bbox 693 2063 862 2125; x_wconf 84' lang='lat' dir='ltr'>gerrones,</span> <span class='ocrx_word' id='word_1_75' title='bbox 889 2061 1077 2127; x_wconf 49' lang='lat' dir='ltr'>nugatorem</span> <span class='ocrx_word' id='word_1_76' title='bbox 1097 2055 1130 2109; x_wconf 81' lang='lat' dir='ltr'>et</span> 
     </span>
     <span class='ocr_line' id='line_1_14' title="bbox 108 2139 203 2202; baseline 0 0"><span class='ocrx_word' id='word_1_77' title='bbox 108 2139 203 2202; x_wconf 84' lang='lat' dir='ltr'>nihili.</span> 
     </span>
     <span class='ocr_line' id='line_1_15' title="bbox 492 2241 737 2303; baseline 0.004 -2"><span class='ocrx_word' id='word_1_78' title='bbox 492 2241 577 2302; x_wconf 84' lang='lat' dir='ltr'>Pha</span> <span class='ocrx_word' id='word_1_79' title='bbox 591 2245 611 2302; x_wconf 85' lang='lat' dir='ltr'>&#39;o‘</span> <span class='ocrx_word' id='word_1_80' title='bbox 622 2242 663 2303; x_wconf 91' lang='lat' dir='ltr'>th</span> <span class='ocrx_word' id='word_1_81' title='bbox 676 2263 737 2302; x_wconf 88' lang='lat' dir='ltr'>on.</span> 
     </span>
     <span class='ocr_line' id='line_1_16' title="bbox 184 2341 848 2423; baseline 0.005 -22"><span class='ocrx_word' id='word_1_82' title='bbox 184 2341 226 2401; x_wconf 79' lang='lat' dir='ltr'>At</span> <span class='ocrx_word' id='word_1_83' title='bbox 245 2341 349 2423; x_wconf 82' lang='lat' dir='ltr'>magni</span> <span class='ocrx_word' id='word_1_84' title='bbox 370 2362 440 2404; x_wconf 82' lang='lat' dir='ltr'>esse</span> <span class='ocrx_word' id='word_1_85' title='bbox 457 2341 501 2403; x_wconf 91' lang='lat' dir='ltr'>ibi</span> <span class='ocrx_word' id='word_1_86' title='bbox 520 2342 670 2403; x_wconf 86' lang='lat' dir='ltr'>momenti</span> <span class='ocrx_word' id='word_1_87' title='bbox 690 2341 848 2404; x_wconf 66' lang='lat' dir='ltr'>uidentur.</span> 
     </span>
     <span class='ocr_line' id='line_1_17' title="bbox 577 2442 681 2504; baseline -0.048 0"><span class='ocrx_word' id='word_1_88' title='bbox 577 2442 633 2504; x_wconf 87' lang='lat' dir='ltr'>So</span> <span class='ocrx_word' id='word_1_89' title='bbox 647 2443 681 2502; x_wconf 79' lang='grc'>1.,</span> 
     </span>
    </p>

    <p class='ocr_par' dir='ltr' id='par_1_7' title="bbox 108 2539 1131 2812">
     <span class='ocr_line' id='line_1_18' title="bbox 182 2539 1130 2621; baseline 0.002 -20"><span class='ocrx_word' id='word_1_90' title='bbox 182 2541 280 2601; x_wconf 83' lang='lat' dir='ltr'>Plane</span> <span class='ocrx_word' id='word_1_91' title='bbox 307 2541 472 2614; x_wconf 72' lang='lat' dir='ltr'>sidentur,</span> <span class='ocrx_word' id='word_1_92' title='bbox 502 2540 546 2600; x_wconf 87' lang='lat' dir='ltr'>ob</span> <span class='ocrx_word' id='word_1_93' title='bbox 570 2560 732 2619; x_wconf 72' lang='lat' dir='ltr'>persuasus</span> <span class='ocrx_word' id='word_1_94' title='bbox 761 2539 950 2603; x_wconf 71' lang='lat' dir='ltr'>multitudini</span> <span class='ocrx_word' id='word_1_95' title='bbox 978 2539 1130 2621; x_wconf 82' lang='lat' dir='ltr'>supersti-</span> 
     </span>
     <span class='ocr_line' id='line_1_19' title="bbox 109 2637 1131 2723; baseline 0.004 -24"><span class='ocrx_word' id='word_1_96' title='bbox 109 2641 228 2712; x_wconf 81' lang='lat' dir='ltr'>tiones,</span> <span class='ocrx_word' id='word_1_97' title='bbox 262 2638 377 2719; x_wconf 87' lang='lat' dir='ltr'>quibus</span> <span class='ocrx_word' id='word_1_98' title='bbox 397 2637 440 2697; x_wconf 86' lang='lat' dir='ltr'>illi</span> <span class='ocrx_word' id='word_1_99' title='bbox 460 2638 648 2718; x_wconf 87' lang='lat' dir='ltr'>quibusdam</span> <span class='ocrx_word' id='word_1_100' title='bbox 673 2639 771 2701; x_wconf 83' lang='lat' dir='ltr'>vetuti</span> <span class='ocrx_word' id='word_1_101' title='bbox 791 2639 956 2723; x_wconf 71' lang='lat' dir='ltr'>praestigiis</span> <span class='ocrx_word' id='word_1_102' title='bbox 975 2638 1131 2703; x_wconf 71' lang='lat' dir='ltr'>fascinant</span> 
     </span>
     <span class='ocr_line' id='line_1_20' title="bbox 108 2738 823 2812; baseline -0.004 -8"><span class='ocrx_word' id='word_1_103' title='bbox 108 2739 271 2804; x_wconf 86' lang='lat' dir='ltr'>hominum</span> <span class='ocrx_word' id='word_1_104' title='bbox 292 2752 428 2812; x_wconf 80' lang='lat' dir='ltr'>utentes,</span> <span class='ocrx_word' id='word_1_105' title='bbox 450 2755 483 2799; x_wconf 86' lang='lat' dir='ltr'>et</span> <span class='ocrx_word' id='word_1_106' title='bbox 502 2754 642 2800; x_wconf 79' lang='lat' dir='ltr'>extreme</span> <span class='ocrx_word' id='word_1_107' title='bbox 661 2738 823 2801; x_wconf 74' lang='lat' dir='ltr'>infatuant.</span> 
     </span>
    </p>

    <p class='ocr_par' dir='ltr' id='par_1_8' title="bbox 494 2836 736 2900">
     <span class='ocr_line' id='line_1_21' title="bbox 494 2836 736 2900; baseline 0 -1"><span class='ocrx_word' id='word_1_108' title='bbox 494 2836 736 2900; x_wconf 85' lang='lat' dir='ltr'>Pha&#39;o&#39;thon.</span> 
     </span>
    </p>

    <p class='ocr_par' dir='ltr' id='par_1_9' title="bbox 186 2937 1131 3020">
     <span class='ocr_line' id='line_1_22' title="bbox 186 2937 1131 3020; baseline 0.002 -21"><span class='ocrx_word' id='word_1_109' title='bbox 186 2939 344 3019; x_wconf 82' lang='lat' dir='ltr'>Qniddam</span> <span class='ocrx_word' id='word_1_110' title='bbox 363 2938 458 3000; x_wconf 82' lang='lat' dir='ltr'>video</span> <span class='ocrx_word' id='word_1_111' title='bbox 479 2937 623 3003; x_wconf 84' lang='lat' dir='ltr'>inaures</span> <span class='ocrx_word' id='word_1_112' title='bbox 643 2938 797 3020; x_wconf 83' lang='lat' dir='ltr'>quosdam</span> <span class='ocrx_word' id='word_1_113' title='bbox 817 2957 981 2999; x_wconf 83' lang='lat' dir='ltr'>susurrare</span> <span class='ocrx_word' id='word_1_114' title='bbox 1000 2937 1064 3014; x_wconf 88' lang='lat' dir='ltr'>his,</span> <span class='ocrx_word' id='word_1_115' title='bbox 1094 2947 1131 3001; x_wconf 88' lang='lat' dir='ltr'>ut</span> 
     </span>
    </p>

    <p class='ocr_par' dir='ltr' id='par_1_10' title="bbox 109 3035 837 3204">
     <span class='ocr_line' id='line_1_23' title="bbox 109 3035 837 3121; baseline -0.007 -20"><span class='ocrx_word' id='word_1_116' title='bbox 109 3038 174 3102; x_wconf 82' lang='lat' dir='ltr'>aliis</span> <span class='ocrx_word' id='word_1_117' title='bbox 196 3039 269 3101; x_wconf 88' lang='lat' dir='ltr'>item</span> <span class='ocrx_word' id='word_1_118' title='bbox 287 3038 524 3115; x_wconf 84' lang='lat' dir='ltr'>sacerdotibus,</span> <span class='ocrx_word' id='word_1_119' title='bbox 545 3040 634 3121; x_wconf 75' lang='lat' dir='ltr'>qttod</span> <span class='ocrx_word' id='word_1_120' title='bbox 655 3039 745 3121; x_wconf 83' lang='lat' dir='ltr'>quate</span> <span class='ocrx_word' id='word_1_121' title='bbox 765 3035 837 3098; x_wconf 80' lang='lat' dir='ltr'>est?</span> 
     </span>
     <span class='ocr_line' id='line_1_24' title="bbox 559 3141 719 3204; baseline 0.006 -1"><span class='ocrx_word' id='word_1_122' title='bbox 559 3142 612 3203; x_wconf 81' lang='lat' dir='ltr'>So</span> <span class='ocrx_word' id='word_1_123' title='bbox 625 3141 644 3201; x_wconf 82' lang='lat' dir='ltr'>i·</span> <span class='ocrx_word' id='word_1_124' title='bbox 706 3176 719 3204; x_wconf 76' lang='lat' dir='ltr'><em>a</em></span> 
     </span>
    </p>

    <p class='ocr_par' dir='ltr' id='par_1_11' title="bbox 108 3233 1131 3622">
     <span class='ocr_line' id='line_1_25' title="bbox 184 3233 1129 3320; baseline -0.003 -18"><span class='ocrx_word' id='word_1_125' title='bbox 184 3238 431 3302; x_wconf 76' lang='lat' dir='ltr'>contessionem</span> <span class='ocrx_word' id='word_1_126' title='bbox 449 3256 575 3303; x_wconf 80' lang='lat' dir='ltr'>vocant.</span> <span class='ocrx_word' id='word_1_127' title='bbox 629 3240 710 3301; x_wconf 86' lang='lat' dir='ltr'>Nam</span> <span class='ocrx_word' id='word_1_128' title='bbox 737 3234 815 3320; x_wconf 87' lang='lat' dir='ltr'>quid</span> <span class='ocrx_word' id='word_1_129' title='bbox 834 3233 971 3316; x_wconf 80' lang='lat' dir='ltr'>peccarit</span> <span class='ocrx_word' id='word_1_130' title='bbox 993 3234 1129 3318; x_wconf 82' lang='lat' dir='ltr'>quisque</span> 
     </span>
     <span class='ocr_line' id='line_1_26' title="bbox 108 3334 1129 3420; baseline -0.002 -21"><span class='ocrx_word' id='word_1_131' title='bbox 108 3339 283 3420; x_wconf 75' lang='lat' dir='ltr'>intelligere</span> <span class='ocrx_word' id='word_1_132' title='bbox 311 3342 368 3401; x_wconf 83' lang='lat' dir='ltr'>hos</span> <span class='ocrx_word' id='word_1_133' title='bbox 395 3341 495 3419; x_wconf 83' lang='lat' dir='ltr'>pietas</span> <span class='ocrx_word' id='word_1_134' title='bbox 526 3350 590 3415; x_wconf 76' lang='lat' dir='ltr'>ost,</span> <span class='ocrx_word' id='word_1_135' title='bbox 622 3359 682 3401; x_wconf 83' lang='lat' dir='ltr'>nec</span> <span class='ocrx_word' id='word_1_136' title='bbox 701 3338 745 3399; x_wconf 91' lang='lat' dir='ltr'>ibi</span> <span class='ocrx_word' id='word_1_137' title='bbox 764 3336 841 3420; x_wconf 87' lang='lat' dir='ltr'>quid</span> <span class='ocrx_word' id='word_1_138' title='bbox 860 3334 973 3397; x_wconf 80' lang='lat' dir='ltr'>iecerit</span> <span class='ocrx_word' id='word_1_139' title='bbox 993 3352 1129 3411; x_wconf 86' lang='lat' dir='ltr'>tantum,</span> 
     </span>
     <span class='ocr_line' id='line_1_27' title="bbox 109 3434 1131 3524; baseline 0.001 -28"><span class='ocrx_word' id='word_1_140' title='bbox 109 3440 165 3497; x_wconf 81' lang='lat' dir='ltr'>sod</span> <span class='ocrx_word' id='word_1_141' title='bbox 185 3439 325 3517; x_wconf 71' lang='lat' dir='ltr'>cogitare</span> <span class='ocrx_word' id='word_1_142' title='bbox 353 3441 446 3503; x_wconf 80' lang='lat' dir='ltr'>etiarn</span> <span class='ocrx_word' id='word_1_143' title='bbox 472 3440 550 3524; x_wconf 85' lang='lat' dir='ltr'>quid</span> <span class='ocrx_word' id='word_1_144' title='bbox 577 3462 672 3502; x_wconf 87' lang='lat' dir='ltr'>ausus</span> <span class='ocrx_word' id='word_1_145' title='bbox 703 3436 810 3500; x_wconf 81' lang='lat' dir='ltr'>suerit.</span> <span class='ocrx_word' id='word_1_146' title='bbox 860 3434 907 3495; x_wconf 85' lang='lat' dir='ltr'>lta</span> <span class='ocrx_word' id='word_1_147' title='bbox 933 3436 1131 3498; x_wconf 83' lang='lat' dir='ltr'>occultorum</span> 
     </span>
     <span class='ocr_line' id='line_1_28' title="bbox 110 3532 969 3622; baseline -0.001 -24"><span class='ocrx_word' id='word_1_148' title='bbox 110 3556 240 3598; x_wconf 88' lang='lat' dir='ltr'>suonun</span> <span class='ocrx_word' id='word_1_149' title='bbox 257 3555 383 3621; x_wconf 83' lang='lat' dir='ltr'>oportet</span> <span class='ocrx_word' id='word_1_150' title='bbox 402 3539 552 3604; x_wconf 82' lang='lat' dir='ltr'>adhibere</span> <span class='ocrx_word' id='word_1_151' title='bbox 570 3543 628 3602; x_wconf 88' lang='lat' dir='ltr'>hos</span> <span class='ocrx_word' id='word_1_152' title='bbox 647 3556 805 3622; x_wconf 79' lang='lat' dir='ltr'>quomque</span> <span class='ocrx_word' id='word_1_153' title='bbox 823 3532 969 3598; x_wconf 86' lang='lat' dir='ltr'>arbitros.</span> 
     </span>
    </p>

    <p class='ocr_par' dir='ltr' id='par_1_12' title="bbox 184 3640 1199 3821">
     <span class='ocr_line' id='line_1_29' title="bbox 502 3640 753 3703; baseline -0.008 -2"><span class='ocrx_word' id='word_1_154' title='bbox 502 3640 753 3703; x_wconf 83' lang='lat' dir='ltr'>Pha&#39;e‘thon.</span> 
     </span>
     <span class='ocr_line' id='line_1_30' title="bbox 184 3734 1199 3821; baseline -0.001 -24"><span class='ocrx_word' id='word_1_155' title='bbox 184 3740 256 3798; x_wconf 81' lang='lat' dir='ltr'>tloo</span> <span class='ocrx_word' id='word_1_156' title='bbox 280 3738 344 3799; x_wconf 80' lang='lat' dir='ltr'>fert</span> <span class='ocrx_word' id='word_1_157' title='bbox 370 3740 538 3821; x_wconf 85' lang='lat' dir='ltr'>quispiam,</span> <span class='ocrx_word' id='word_1_158' title='bbox 572 3759 682 3802; x_wconf 83' lang='lat' dir='ltr'>arcana</span> <span class='ocrx_word' id='word_1_159' title='bbox 707 3759 764 3801; x_wconf 85' lang='lat' dir='ltr'>sua</span> <span class='ocrx_word' id='word_1_160' title='bbox 789 3746 825 3800; x_wconf 89' lang='lat' dir='ltr'>ut</span> <span class='ocrx_word' id='word_1_161' title='bbox 844 3735 891 3798; x_wconf 88' lang='lat' dir='ltr'>his</span> <span class='ocrx_word' id='word_1_162' title='bbox 911 3734 1022 3797; x_wconf 87' lang='lat' dir='ltr'>talibus</span> <span class='ocrx_word' id='word_1_163' title='bbox 1038 3736 1131 3799; x_wconf 81' lang='lat' dir='ltr'>‹lote-</span> <span class='ocrx_word' id='word_1_164' title='bbox 1195 3796 1199 3803; x_wconf 86' lang='grc'>,</span> 
     </span>
    </p>
   </div>
   <div class='ocr_carea' id='block_1_5' title="bbox 110 3838 183 3919">
    <p class='ocr_par' dir='ltr' id='par_1_13' title="bbox 110 3838 183 3919">
     <span class='ocr_line' id='line_1_31' title="bbox 110 3838 183 3919; baseline 0 -21"><span class='ocrx_word' id='word_1_165' title='bbox 110 3838 183 3919; x_wconf 72' lang='lat' dir='ltr'>gat?</span> 
     </span>
    </p>
   </div>
   <div class='ocr_carea' id='block_1_6' title="bbox 109 3938 1131 4418">
    <p class='ocr_par' dir='ltr' id='par_1_14' title="bbox 109 3938 1131 4418">
     <span class='ocr_line' id='line_1_32' title="bbox 578 3938 665 4000; baseline -0.011 0"><span class='ocrx_word' id='word_1_166' title='bbox 578 3938 600 4000; x_wconf 92' lang='lat' dir='ltr'>S</span> <span class='ocrx_word' id='word_1_167' title='bbox 613 3956 634 3999; x_wconf 90' lang='grc' dir='ltr'>ο</span> <span class='ocrx_word' id='word_1_168' title='bbox 645 3939 665 4000; x_wconf 87' lang='grc' dir='ltr'>Ι.</span> 
     </span>
     <span class='ocr_line' id='line_1_33' title="bbox 185 4024 1131 4122; baseline -0.014 -20"><span class='ocrx_word' id='word_1_169' title='bbox 185 4040 301 4102; x_wconf 86' lang='lat' dir='ltr'>Omnes</span> <span class='ocrx_word' id='word_1_170' title='bbox 322 4040 430 4103; x_wconf 81' lang='lat' dir='ltr'>ierunt</span> <span class='ocrx_word' id='word_1_171' title='bbox 450 4036 606 4120; x_wconf 78' lang='lat' dir='ltr'>religione</span> <span class='ocrx_word' id='word_1_172' title='bbox 627 4039 776 4122; x_wconf 86' lang='lat' dir='ltr'>quadam,</span> <span class='ocrx_word' id='word_1_173' title='bbox 806 4052 838 4099; x_wconf 87' lang='lat' dir='ltr'>et</span> <span class='ocrx_word' id='word_1_174' title='bbox 856 4030 1019 4117; x_wconf 75' lang='lat' dir='ltr'>disciplina</span> <span class='ocrx_word' id='word_1_175' title='bbox 1038 4024 1131 4091; x_wconf 89' lang='lat' dir='ltr'>Chri·</span> 
     </span>
     <span class='ocr_line' id='line_1_34' title="bbox 109 4141 467 4221; baseline -0.003 -18"><span class='ocrx_word' id='word_1_176' title='bbox 109 4143 280 4205; x_wconf 85' lang='lat' dir='ltr'>stiauorum</span> <span class='ocrx_word' id='word_1_177' title='bbox 298 4141 467 4221; x_wconf 79' lang='lat' dir='ltr'>perveteri.</span> 
     </span>
     <span class='ocr_line' id='line_1_35' title="bbox 503 4241 743 4302; baseline -0.004 0"><span class='ocrx_word' id='word_1_178' title='bbox 503 4241 743 4302; x_wconf 69' lang='lat' dir='ltr'>Ptaaatnon.</span> 
     </span>
     <span class='ocr_line' id='line_1_36' title="bbox 184 4337 845 4418; baseline -0.006 -15"><span class='ocrx_word' id='word_1_179' title='bbox 184 4342 231 4404; x_wconf 82' lang='lat' dir='ltr'>ltti</span> <span class='ocrx_word' id='word_1_180' title='bbox 248 4362 329 4402; x_wconf 82' lang='lat' dir='ltr'>vero</span> <span class='ocrx_word' id='word_1_181' title='bbox 351 4340 395 4403; x_wconf 88' lang='lat' dir='ltr'>sic</span> <span class='ocrx_word' id='word_1_182' title='bbox 414 4340 520 4403; x_wconf 77' lang='lat' dir='ltr'>edocti</span> <span class='ocrx_word' id='word_1_183' title='bbox 539 4361 604 4402; x_wconf 90' lang='lat' dir='ltr'>non</span> <span class='ocrx_word' id='word_1_184' title='bbox 625 4341 767 4418; x_wconf 80' lang='lat' dir='ltr'>produnt</span> <span class='ocrx_word' id='word_1_185' title='bbox 784 4337 845 4402; x_wconf 77' lang='lat' dir='ltr'>aa?</span> 
     </span>
    </p>
   </div>
   <div class='ocr_carea' id='block_1_7' title="bbox 0 0 1321 5086">
    <p class='ocr_par' dir='ltr' id='par_1_15' title="bbox 0 0 1321 5086">
     <span class='ocr_line' id='line_1_37' title="bbox 0 0 1321 5086; baseline 0 0"><span class='ocrx_word' id='word_1_186' title='bbox 0 0 1321 5086; x_wconf 95' lang='lat' dir='ltr'> </span> 
     </span>
    </p>
   </div>
  </div>
 </body>
</html>
