2632 5086
193 740 254 811 De
272 739 376 839 Guaj.
397 737 529 811 medic.
548 739 596 813 ad
612 738 749 813 Albert.
764 739 882 838 princ.
901 745 1008 842 praes.
1049 706 1141 823 ma

95 944 127 994 ct
149 931 335 1005 instructus,
371 929 443 992 hine
466 950 593 993 auream
618 930 838 1013 Moguntiam9
867 933 1002 998 invictos
1028 936 1120 1001 istinc

96 1035 236 1095 Saxdnes
255 1033 453 1113 girbernare3
483 1052 544 1094 nec
561 1044 592 1092 te
618 1032 720 1094 arlhuc
743 1033 943 1113 perdidisse,
974 1039 1063 1119 quod
1086 1037 1118 1100 in

92 1157 142 1195 me
171 1132 342 1194 contuleris
366 1131 505 1215 aliquid,
543 1131 712 1195 existimas.
770 1134 894 1197 Verum
927 1135 990 1216 jam
1017 1138 1119 1200 adhuc.

92 1244 313 1314 exporrectum
347 1232 516 1295 ailvcrsum
559 1252 609 1292 me
642 1243 808 1314 utramque
843 1255 969 1297 manium
1011 1239 1117 1315 habes,

92 1355 191 1416 quum
209 1353 273 1409 ego
290 1333 438 1405 sentiam,
464 1328 584 1409 majora
602 1342 654 1392 tua
672 1351 742 1395 esse
763 1333 939 1407 beneficia,
968 1359 1062 1419 quam
1082 1351 1118 1403 ut

92 1436 188 1494 ullam
208 1453 313 1494 rurum
328 1432 428 1513 possit
447 1432 512 1492 lraec
527 1431 690 1493 demerere
710 1431 910 1516 obsequium.
951 1437 1003 1499 Ob
1020 1437 1118 1522 idque

91 1545 199 1613 petere
228 1533 283 1593 abs
315 1543 345 1593 tc
374 1530 492 1613 alicprid
522 1529 577 1591 vix
606 1531 725 1606 ausim,
758 1555 856 1615 (prtum
890 1547 924 1597 tu
959 1558 995 1598 ea
1029 1538 1116 1618 prius

91 1633 233 1706 (lectoris,
271 1654 340 1714 qne
370 1651 487 1713 rogare
517 1632 710 1694 verecrurdia
736 1645 812 1694 erat.
869 1635 962 1697 Adeo
996 1636 1028 1698 in
1067 1622 1117 1699 me

91 1734 277 1806 liberaliter,
309 1732 452 1793 benefice
481 1731 561 1793 adeo
583 1731 704 1794 edundi
722 1734 824 1808 soles,
855 1755 921 1796 non
942 1734 1117 1800 Caulinalis

90 1835 241 1913 primum,
268 1843 322 1893 aut
341 1831 629 1912 Archiepiscopus,
651 1832 708 1894 sed
729 1833 802 1894 olim
822 1833 933 1908 etiam,
967 1835 1014 1897 his
1035 1837 1118 1899 harad

90 1935 165 1995 dum
192 1932 399 2012 potestatibus
427 1931 585 2014 prmditus.
637 1931 720 1993 Hinc
749 1954 812 2015 ego
841 1922 906 1995 uon
936 1935 1119 1999 exsultem?

89 2036 162 2096 hinc
177 2055 227 2094 me
237 2052 308 2094 'non
327 2032 523 2094 fortunatum
538 2029 704 2112 judicem?
722 2033 789 2094 Aut
803 2055 902 2115 epium
917 2032 967 2096 ille
980 2035 1116 2100 dixerit:

170 2140 374 2215 Principibus
388 2142 552 2213 placuisse
568 2143 649 2196 uiris
666 2158 730 2196 non
750 2143 864 2197 nltirnn
882 2143 955 2199 lans
977 2153 1041 2214 est,

89 2254 153 2311 ego
172 2255 237 2294 non
257 2222 405 2295 eximiam
424 2253 525 2295 meam
545 2231 725 2295 felicitatem
746 2253 930 2315 agnoscam,
953 2236 1042 2319 qnod
1061 2236 1116 2300 tibi

87 2356 153 2396 nun
173 2334 309 2415 principi
337 2336 453 2408 modo,
488 2333 545 2395 sed
572 2353 694 2398 stimmo
722 2332 831 2405 etiam,
862 2332 927 2395 non
954 2334 1116 2417 Episcopo

87 2448 226 2509 tantum,
248 2437 306 2497 sed
325 2446 357 2496 et
371 2433 641 2516 Archiepiscopo,
663 2431 694 2495 id
715 2442 762 2493 est
776 2431 1011 2513 Episcoporum
1029 2434 1116 2515 prin·

89 2536 168 2616 cipi,
197 2547 228 2598 et
251 2533 488 2611 Cardinali‚'id
508 2546 555 2597 est
575 2556 593 2595 e
613 2520 741 2615 paucis,
770 2532 938 2618 inquibus
968 2524 1117 2621 tanqiram

86 2636 273 2699 necessariis
292 2634 479 2718 quibusdam
498 2633 678 2703 cardinibus
699 2635 842 2715 Romana
862 2636 998 2699 vertitur
1015 2640 1116 2701 eecle-
1152 2672 1161 2691 .

88 2737 155 2811 sia,
176 2735 234 2800 uni
254 2734 300 2798 sie
319 2737 471 2816 placeam,
499 2746 550 2809 ut,
577 2755 627 2796 me
647 2735 789 2815 placere,
812 2737 985 2819 intelligant
1004 2738 1114 2803 multi?

90 2839 187 2916 Quod
217 2835 297 2896 faxit
326 2835 415 2897 Deus
444 2837 518 2916 Opt.
544 2835 634 2895 Max.
662 2845 698 2896 ut
727 2835 819 2897 nobis
848 2849 1037 2917 perpetuum
1062 2838 1114 2916 sit,

90 2957 157 3018 quo
178 2934 306 3005 videant
324 2934 480 3010 homines,
510 2955 570 2996 nec
595 2934 737 3014 ineptum
755 2935 855 3000 tuisse
875 2939 936 2999 hoc
954 2949 1045 3002 tuum
1064 2937 1115 3021 ju·

87 3036 223 3111 dicium,
260 3056 320 3099 nec
339 3056 389 3097 me
415 3035 599 3117 iudignum,
635 3055 730 3118 quem
749 3045 784 3098 tu
809 3037 854 3099 sie
874 3038 1114 3120 complecteris;

86 3159 122 3199 ac
141 3136 208 3200 istis
228 3136 281 3198 ilia
299 3146 486 3215 rumpantur
507 3133 633 3197 indocte
653 3133 768 3209 doctis,
798 3135 855 3219 qui
873 3156 950 3212 nos,
971 3135 1027 3218 qui
1046 3136 1116 3201 lite·

85 3260 151 3313 ras,
170 3247 316 3299 nontam
332 3235 461 3317 publico
477 3234 655 3298 studiorum
674 3235 896 3312 incommodo,
919 3259 1013 3320 quam
1027 3236 1114 3300 saccio

87 3338 263 3419 principum
284 3336 516 3399 Germanorum
535 3336 712 3412 dedecore,
733 3348 779 3399 tot
795 3335 858 3418 jam
872 3326 1115 3421 armos'impuue

87 3435 491 3520 persequuntur,=quand0
509 3436 566 3498 tibi
581 3456 690 3511 aures,
717 3437 774 3500 tibi
788 3441 899 3501 oculos
917 3457 1004 3513 esse,
1025 3438 1114 3503 vide·

87 3537 182 3613 bunt,
203 3557 291 3600 suam
304 3549 481 3600 extremum
496 3536 664 3618 periclitari
679 3538 871 3611 barbariem,
895 3556 949 3612 se,
970 3548 1005 3599 ut
1024 3538 1113 3621 igna-

88 3658 165 3699 vum
175 3657 287 3716 pecus,
310 3638 502 3718 predatores
512 3637 621 3713 fucos,
643 3639 675 3701 id
690 3650 816 3701 estnon
832 3636 981 3701 inutiliter
992 3648 1112 3703 tantum

89 3737 270 3814 studiosos,
300 3741 358 3802 sed
374 3737 554 3801 studiorum
576 3739 678 3801 adhuc
693 3737 880 3819 pemicicm‚
908 3739 1114 3827 amellileraf

88 3858 161 3901 rum
176 3836 282 3917 apium
293 3836 485 3913 alvearibus,
506 3837 539 3899 id
553 3849 601 3901 est
614 3860 631 3900 a
645 3837 965 3902 srucnrosissimarum
976 3826 1115 3920 discipliss

88 3958 201 4001 narum
215 3937 319 4015 cultu,
344 3949 376 4000 et
389 3936 517 4000 fortiter
534 3937 650 4014 arceri,
676 3949 708 4001 et
722 3940 853 4021 longum
872 3942 1017 4002 exsulare
1036 3958 1114 4023 cog·

87 4049 231 4103 noscent.
275 4038 452 4103 Possumus
475 4037 560 4101 enim
577 4059 644 4100 non
665 4039 783 4118 optime
802 4048 1004 4118 prospectum
1019 4037 1113 4101 nobis

86 4142 214 4216 dicere,
242 4160 343 4224 quum
366 4151 417 4215 tu,
443 4149 547 4201 tantus
565 4150 733 4220 petronus,
766 4150 829 4201 tam
852 4136 992 4223 benigne
1019 4136 1113 4205 nobie

88 4240 248 4306 arrideas?
269 4238 361 4322 cujus
375 4237 423 4302 rei
440 4238 574 4321 primum
583 4239 758 4305 Germanic
769 4239 993 4303 documentum
1008 4261 1048 4302 ex
1064 4259 1114 4303 me

86 4342 221 4424 prodiit,
244 4362 342 4427 quem
355 4351 389 4404 tu
404 4341 439 4403 in
455 4338 693 4408 familiaritatem
708 4338 787 4404 etin
804 4339 906 4405 sinum
923 4341 1004 4403 adeo
1023 4350 1113 4402 tuum

86 4464 186 4526 quum
195 4443 357 4525 acciperes
364 4442 516 4525 primum,
528 4443 664 4505 obscure
672 4424 847 4516 ienriebar,
862 4461 932 4525 que
944 4443 1113 4504 doctorum
