2632 5086
135 728 180 803 ao
323 694 326 699 ⁵
444 714 617 795 Miaaulus
641 713 826 811 Dialogus.

135 913 347 996 Aguraturque
366 912 427 972 lroc
444 909 522 971 flatu
540 926 663 970 sursum
687 925 723 967 ac
747 904 915 979 deorsum,
945 912 982 965 et.
995 901 1029 965 iu
1045 903 1147 979 miros

136 1008 325 1088 abjiciuntur
344 1029 488 1081 errores3
524 1027 590 1069 non
609 1025 770 1087 nimquam
792 1003 989 1085 naufragium
1013 1002 1145 1078 faciunt,

136 1130 172 1172 ac
198 1110 301 1170 omnia
332 1110 489 1187 perdunt,
523 1127 580 1185 per
600 1105 631 1179 *l
660 1104 856 1185 largitionem
887 1113 1070 1186 consumpta
1096 1102 1147 1165 irr-

136 1209 221 1292 genti
241 1209 382 1288 pecunia.
420 1206 523 1269 Habet
548 1203 632 1267 enim
661 1204 770 1265 vitium
794 1204 855 1265 hoc
874 1203 1021 1277 comites,
1050 1204 1146 1283 largi-

135 1308 269 1382 tionem,
313 1319 344 1368 et
376 1307 511 1388 reliquas
545 1304 783 1383 corruptiones,
820 1302 935 1386 quibua
966 1302 1144 1382 impellente

135 1405 205 1487 ipso
223 1405 272 1481 *⁸)
304 1391 463 1467 ambitioni
493 1415 558 1466 tota
583 1404 693 1485 flagrat
718 1404 803 1478 aula,
835 1420 871 1463 ac
895 1396 999 1463 omnia
1030 1399 1146 1482 passim

136 1507 320 1567 aduruntur.
359 1504 444 1583 Quid
463 1501 579 1565 luxus?
615 1504 717 1583 Quam
739 1520 863 1564 morum
888 1499 1145 1580 depravationem

137 1604 262 1666 adfert?
297 1604 385 1685 quod
404 1602 584 1685 contagium
603 1601 711 1676 tralrit,
731 1600 842 1663 vitium
861 1588 946 1661 tanto
965 1598 1032 1663 aliis
1051 1599 1145 1661 odio-

135 1703 216 1778 sius,
254 1711 372 1785 quatuo
402 1703 493 1780 plura
518 1700 638 1781 perdit,
674 1721 709 1762 ac
743 1700 881 1780 dissipat.
935 1700 1006 1761 Hoc
1033 1716 1145 1783 errore

136 1811 378 1863 contemnuntur
413 1800 570 1881 pecuniae,
614 1820 678 1862 non
712 1820 777 1882 qno
812 1820 829 1859 a
864 1796 1053 1879 sapientibus
1085 1794 1144 1861 itti·

136 1913 245 1982 pacto,
265 1900 321 1959 sed
339 1920 396 1977 per
415 1897 612 1958 stoliditatem
630 1919 665 1960 ac
684 1897 885 1969 dementiam
914 1905 1023 1957 contra
1040 1894 1145 1957 vmb-

135 1998 212 2061 sima
241 1995 344 2057 omnia
375 1995 562 2058 adamantur.
617 1997 723 2079 Atque
761 1997 835 2059 inde
868 1993 1004 2075 pretiosa
1035 1994 1146 2077 vestis,

135 2095 209 2159 inde
236 2115 391 2175 purpura,
420 2093 493 2157 inde
517 2114 627 2157 aurum
653 2106 684 2157 et
703 2106 881 2176 argentum,
912 2092 985 2155 inde
1003 2113 1145 2175 gemma,

135 2214 171 2257 ac
195 2193 365 2275 margarita
391 2203 423 2253 et
447 2193 573 2275 reliquae
599 2193 633 2256 id
658 2214 758 2275 genus
785 2214 875 2275 nugae
900 2195 998 2255 aulam
1021 2192 1145 2275 invase·

131 2304 217 2354 runt.
256 2295 333 2372 Quae
353 2291 474 2367 omnia,
503 2291 574 2353 licet
593 2291 720 2354 maximi
740 2303 898 2367 emantur,
922 2309 1032 2374 magna
1053 2289 1146 2355 ninii-¹

135 2393 205 2454 tatis
233 2403 281 2455 est
306 2403 426 2465 tamen,
461 2410 499 2451 ea
517 2390 670 2469 abjicere,
704 2403 735 2452 et
764 2412 822 2473 pro
847 2392 996 2473 neglectis
1015 2391 1146 2469 lubere,

135 2512 170 2553 ac
195 2503 280 2552 tanto
308 2489 379 2573 quis
405 2488 573 2551 animosior
600 2503 761 2567 censetur,
791 2503 907 2573 quanto
934 2493 997 2552 haec
1023 2490 1145 2554 vilioris

133 2590 217 2651 lacit.
256 2591 374 2651 Videas
399 2590 437 2649 ad
465 2589 697 2651 contentionem
721 2612 823 2674 usque
848 2590 963 2653 insumi
983 2590 1145 2672 pecunias,

135 2708 200 2769 quo
224 2688 341 2769 nequid
372 2687 562 2766 splendidius
592 2689 679 2750 alteri
709 2690 791 2751 insit.
839 2690 906 2750 Nee
932 2690 971 2751 a!
998 2711 1089 2751 usum
1108 2692 1147 2752 fit

134 2785 246 2860 emtio,
272 2787 329 2846 sed
352 2788 392 2847 ad
416 2786 539 2849 inanem
560 2789 806 2850 ostentationem.
850 2789 923 2869 Quo
942 2790 1031 2864 loco,
1059 2789 1145 2849 haud

134 2886 232 2949 refert
251 2885 376 2962 dicere,
397 2888 481 2950 uude
499 2900 664 2968 suppetant
682 2891 766 2963 hac,
793 2898 844 2948 aut
861 2889 940 2949 hanc
958 2888 1146 2969 voraginem

135 2984 213 3069 quid
229 2985 363 3065 impleat.
401 2985 496 3049 Certe
514 2988 669 3068 impletam
684 2998 825 3067 oportet,
851 2986 918 3049 sive
936 2987 1144 3067 dispolientur·

134 3107 287 3168 pauperes
310 3087 394 3161 m),
418 3084 494 3159 aut,
512 3086 571 3167 ipsi
602 3087 693 3147 ctiam
727 3085 883 3166 principes
910 3098 1037 3168 egeant,
1074 3085 1144 3149 sire

134 3180 346 3265 unicujusque
365 3184 584 3264 patrimonium
602 3188 663 3257 buc
676 3198 836 3265 erogetur.
874 3189 922 3249 Ac
941 3190 1029 3266 plura
1044 3187 1144 3247 inulto

132 3282 370 3364 profunduntur
400 3283 444 3343 ihi
479 3285 627 3360 inaniter,
669 3305 763 3366 quam
791 3286 826 3369 ¹in
859 3306 950 3347 usum
980 3295 1144 3349 sertaortur

135 3381 355 3445 necessarium.

561 3482 720 3546 Castus.

208 3581 295 3645 Fieri
313 3583 424 3656 video,
444 3603 514 3665 que
533 3583 620 3645 dicis.
658 3584 737 3643 Nam
756 3581 871 3662 optimc
891 3582 1075 3645 vestientem
1091 3583 1144 3647 lric

134 3683 235 3745 tanam
253 3683 330 3767 quid
348 3684 430 3745 aliud
445 3695 645 3745 contemnere
661 3683 786 3757 docuit,
808 3694 841 3745 ut
855 3702 993 3765 pera-gre
1007 3683 1144 3745 sericum

135 3804 323 3858 emeremus,
334 3803 369 3843 ac
382 3783 575 3864 purpuram?
595 3795 648 3844 aut
658 3783 894 3861 non'potuinrus
908 3782 1028 3855 onrari,
1042 3803 1145 3860 popu-

135 3883 182 3944 lus
194 3881 379 3958 bellicosus,
393 3894 424 3947 et
437 3883 512 3947 olim
524 3883 662 3945 mollitiei
674 3904 788 3964 expers
800 3894 831 3944 et
841 3883 923 3957 usus)
934 3892 1143 3959 corrtemptor,

135 3980 202 4042 sine
215 3981 362 4061 gemmis,
382 3982 448 4043 sine
461 3982 566 4044 auro?
586 3994 618 4042 et
629 4003 687 4044 nos
703 3982 769 4063 sagi
783 3982 886 4063 piget,
902 4000 959 4040 nos
978 3978 1103 4040 loricae?

169 4204 201 4273 ⁴)
215 4224 277 4267 per:
296 4214 327 4259 in.
360 4202 411 4273 ”)
427 4218 481 4268 lpse
498 4214 628 4271 beisscltlrt.
663 4206 725 4274 m)
743 4217 904 4265 dlrootr'cnrur
923 4225 1062 4270 peraperta:
1086 4215 1142 4260 iude

169 4299 256 4358 escant
273 4296 365 4344 rutam.
400 4288 474 4356 W)
492 4310 579 4350 expers
596 4306 620 4345 rt
638 4300 778 4356 betresetat.
