2632 5086
519 772 693 870 Epistola.
1043 778 1115 852 att

91 967 194 1030 minus
234 986 304 1027 sese
340 966 413 1027 huie
449 963 520 1026 vitae
559 965 670 1048 generi
709 964 891 1043 addiceret,
929 968 988 1030 nisi
1028 966 1116 1051 quod

92 1067 203 1129 uxoris
232 1066 425 1128 desiderium
451 1086 517 1127 non
542 1078 653 1146 posset
671 1079 831 1128 excutere.
871 1067 984 1130 Maluit
1009 1069 1116 1151 igitur,

91 1167 220 1231 maritus
250 1189 320 1229 esso
340 1179 463 1243 castus,
504 1189 597 1251 quam
629 1169 776 1229 sacerdos
804 1167 956 1247 impurus.
997 1170 1118 1233 Tamen

93 1268 250 1351 virginem
298 1268 390 1330 duxit
444 1269 613 1330 admodum
650 1269 812 1348 puellam,
862 1269 948 1329 claro
1000 1267 1119 1349 genere

94 1383 213 1444 natam,
242 1370 356 1432 nulem
375 1369 499 1442 adlme,
525 1378 637 1449 utpote
657 1366 724 1428 ruri
744 1367 826 1429 iuter
846 1380 990 1449 parentes
1011 1390 1047 1430 ae.
1067 1390 1120 1432 so·

92 1491 184 1534 rores
210 1489 335 1550 semper
362 1467 517 1543 habitam,
549 1489 615 1551 quo
646 1466 745 1547 magis
773 1467 816 1528 itti
843 1468 951 1531 lieoret
981 1470 1061 1532 illam
1081 1470 1122 1534 ad

93 1592 168 1632 suos
188 1589 294 1632 mores
311 1572 442 1650 lingere.
481 1570 572 1630 Harae
588 1580 619 1628 et
637 1566 734 1629 literis
755 1566 968 1631 instruendam
989 1570 1120 1646 curavit,
1178 1644 1182 1650 .

94 1681 124 1734 et
146 1669 233 1733 omni
254 1669 395 1731 Musiees
422 1689 540 1750 genere
559 1669 683 1730 doctam
710 1666 863 1741 reddidit,
896 1671 1050 1753 planeque
1077 1681 1121 1733 ta·

93 1777 154 1835 lem
177 1792 261 1852 pene
281 1772 431 1841 tinxerat,
461 1769 516 1850 qui
543 1789 613 1829 eum
634 1767 776 1828 libuisset
803 1767 983 1829 utriversam
1003 1781 1122 1834 {etatem

94 1872 237 1950 exigere,
258 1870 290 1930 ui
309 1892 394 1931 mors
415 1881 599 1948 prmaauua
620 1871 756 1951 puellam
776 1868 951 1931 sustulisset
971 1892 988 1932 e
1005 1871 1122 1948 medlo,
1164 1947 1169 1956 Ι

94 1975 151 2039 sed
180 1972 306 2049 enixam
332 1971 447 2033 liberos
477 1970 623 2054 aliquot,
662 1988 800 2052 quorum
825 1968 928 2030 adhue
955 1981 1126 2048 supersunt

94 2075 204 2155 puelle
232 2085 315 2145 tres,
347 2081 585 2153 Alco-pareclo,
604 2080 762 2152 Alopsio,
780 2079 916 2146 cecilia,
941 2063 1030 2149 puer*
1043 2092 1125 2135 unus

96 2184 249 2237 Joanues.
285 2175 401 2254 Neque
431 2174 483 2234 diu
505 2173 615 2233 celebs
642 2171 753 2252 rivere
777 2170 945 2246 sustinuit,
973 2172 1045 2233 licet
1063 2171 1123 2235 alio

95 2274 282 2336 vocantibus
303 2275 474 2335 amicorum
495 2272 649 2346 consiliis3
671 2273 777 2354 paucis
797 2273 958 2336 mensibus
977 2273 1125 2335 afunere

95 2377 207 2438 uxoris
248 2374 373 2437 viduam
410 2375 500 2436 duxit
535 2373 634 2456 magis
666 2374 813 2437 curando
851 2372 994 2446 familiae,
1032 2393 1127 2456 qrtettt

97 2475 272 2557 voluptati,
301 2475 419 2558 quippe
451 2495 510 2536 nee
537 2473 651 2535 hollam
678 2476 865 2547 admodum,
897 2494 957 2535 neo
983 2475 1128 2555 puellam,

99 2586 133 2636 ut
162 2577 230 2657 ipse
257 2574 356 2656 jocari
385 2578 482 2649 solet,
512 2577 569 2637 sod
594 2595 698 2637 acrem
730 2586 762 2636 et
786 2575 967 2658 vigilantem
998 2582 1130 2637 matrem

96 2677 244 2750 familias,
277 2674 332 2759 qui
359 2695 430 2738 cum
460 2687 563 2736 tamen
592 2675 727 2756 perinde
755 2664 888 2740 comiter
922 2676 1062 2738 suaviter
1109 2692 1129 2737 e

99 2776 199 2851 vivit,
227 2797 263 2838 ae
286 2777 312 2837 si
332 2778 434 2856 puella
463 2777 568 2850 foret,
604 2777 708 2840 sonna
737 2777 965 2860 quantumlibet
993 2696 1126 2840 amalssi.

102 2873 167 2936 Vix
185 2878 262 2939 ullus
280 2878 407 2940 maritus
423 2899 440 2938 a
458 2898 514 2938 sua
532 2887 652 2938 tantum
668 2878 816 2961 obsequii
830 2878 975 2957 impetrat
994 2874 1127 2958 imperio

100 2989 194 3060 atrpre
230 2977 469 3053 severitudine,
510 2989 661 3059 qrrantum
695 2978 745 3039 hio
778 2978 935 3039 blanditiis
970 2974 1128 3057 jocisque.

100 3080 185 3160 Quid
205 3077 290 3143 euim
309 3099 375 3139 non
396 3078 541 3157 impetret
570 3087 776 3160 posteaquam
803 3076 925 3150 effecit,
962 3085 998 3138 ut
1016 3064 1134 3138 mulier

98 3181 161 3262 jam
187 3181 228 3242 ad
252 3177 375 3242 senium
404 3198 559 3257 vergens,
596 3178 636 3238 ad
661 3180 723 3242 ltoc
750 3177 843 3239 animi
870 3175 998 3238 mimine
1027 3171 1129 3237 mollis

99 3291 262 3361 postremo
282 3280 323 3340 ad
348 3300 416 3339 reru
441 3278 660 3354 attentissima,
691 3277 826 3352 eithara,
854 3276 1035 3352 testudine,
1061 3294 1131 3337 mo·

100 3381 285 3455 nochordo,
319 3378 424 3453 tibiis,
461 3400 575 3442 canere
601 3378 756 3453 disceret,
789 3389 821 3439 et
851 3377 884 3438 in
916 3375 1001 3439 hisee
1034 3370 1131 3437 rebus

102 3480 247 3563 quotidie
283 3479 498 3560 praescriptum
536 3501 641 3559 operae
672 3496 806 3560 pensum
842 3474 984 3559 exigenti
1018 3470 1130 3537 marito

102 3579 277 3643 redderet?
304 3580 458 3642 consimili
478 3568 625 3641 comitate
644 3590 741 3641 totam
768 3575 914 3639 familiam
935 3563 1130 3649 moderatur,

105 3681 139 3741 iu
164 3702 227 3760 «para
246 3682 327 3743 nulla
354 3680 527 3759 tragedia,
567 3682 650 3741 nulla
669 3678 749 3741 rixa.
797 3677 831 3738 Si
856 3677 934 3767 quid
963 3673 1129 3747 exstiterit,

105 3779 251 3860 protinus
272 3792 322 3842 aut
342 3782 506 3854 medetur,
528 3790 581 3841 aut
603 3776 775 3858 componit.
815 3778 928 3860 Neque
948 3792 1131 3856 quempiam

107 3901 246 3962 tanlquam
267 3880 395 3956 dimisit,
422 3892 457 3942 ut
475 3878 632 3942 inimicus.
672 3878 757 3959 Quin
778 3878 872 3955 hujus
899 3876 1013 3937 domus
1030 3869 1131 3934 fatalis

105 3983 247 4066 quedam
269 3982 395 4048 ridetur
421 3982 573 4058 felicitas,
602 3981 723 4062 inquo
743 3997 838 4049 nemo
859 3975 959 4050 vixit,
985 3972 1042 4057 qui
1065 3992 1134 4069 non

100 4084 266 4164 profectus
299 4085 340 4147 sit
367 4085 406 4145 ad
441 4083 606 4146 meliorem
641 4080 821 4153 formitem,
854 4078 958 4139 nullus
992 4094 1135 4167 unquam

100 4187 196 4259 ullam
225 4183 310 4247 some
336 4182 438 4247 lahem
462 4181 637 4246 contraxit·
670 4178 755 4261 Quid
784 4176 841 4240 vix
872 4177 953 4239 ullos
980 4174 1131 4258 reperias,

104 4285 219 4367 quibus
238 4284 285 4348 sie
307 4282 494 4347 convenerit
514 4303 587 4343 eum
603 4292 718 4356 matre,
744 4289 778 4343 ut
795 4278 869 4342 huic
889 4298 962 4341 «tum
981 4276 1131 4353 noverea,

105 4404 174 4449 nam
192 4396 284 4466 pater
303 4384 368 4465 jem
385 4386 514 4447 alteram
536 4376 725 4455 incluserat,
752 4391 919 4461 utramque
943 4378 1011 4442 noir
1029 4374 1132 4439 miuus
