<?xml version="1.0" encoding="UTF-8"?>
<!DOCTYPE html PUBLIC "-//W3C//DTD XHTML 1.0 Transitional//EN"
    "http://www.w3.org/TR/xhtml1/DTD/xhtml1-transitional.dtd">
<html xmlns="http://www.w3.org/1999/xhtml" xml:lang="en" lang="en">
 <head>
  <title>
</title>
<meta http-equiv="Content-Type" content="text/html;charset=utf-8" />
  <meta name='ocr-system' content='tesseract 3.04.00' />
  <meta name='ocr-capabilities' content='ocr_page ocr_carea ocr_par ocr_line ocrx_word'/>
</head>
<body>
  <div class='ocr_page' id='page_1' title='image "./ulrichiabhutten02mngoog_0321.png"; bbox 0 0 2632 5086; ppageno 0'>
   <div class='ocr_carea' id='block_1_1' title="bbox 387 692 1161 813">
    <p class='ocr_par' dir='ltr' id='par_1_1' title="bbox 387 692 1161 813">
     <span class='ocr_line' id='line_1_1' title="bbox 387 692 1161 813; baseline 0.006 -25"><span class='ocrx_word' id='word_1_1' title='bbox 387 714 435 788; x_wconf 77' lang='lat' dir='ltr'><strong>ar</strong></span> <span class='ocrx_word' id='word_1_2' title='bbox 459 713 650 791; x_wconf 70' lang='lat' dir='ltr'><strong>albertum</strong></span> <span class='ocrx_word' id='word_1_3' title='bbox 673 692 833 813; x_wconf 70' lang='lat' dir='ltr'><strong>ussup.</strong></span> <span class='ocrx_word' id='word_1_4' title='bbox 860 712 922 789; x_wconf 79' lang='lat' dir='ltr'><strong>us.</strong></span> <span class='ocrx_word' id='word_1_5' title='bbox 1091 726 1161 795; x_wconf 85' lang='lat' dir='ltr'><strong>su</strong></span> 
     </span>
    </p>
   </div>
   <div class='ocr_carea' id='block_1_2' title="bbox 138 904 1167 1789">
    <p class='ocr_par' dir='ltr' id='par_1_2' title="bbox 138 904 1167 1789">
     <span class='ocr_line' id='line_1_2' title="bbox 140 904 1164 1001; baseline 0.003 -29"><span class='ocrx_word' id='word_1_6' title='bbox 140 918 282 972; x_wconf 81' lang='lat' dir='ltr'><strong>tuentum</strong></span> <span class='ocrx_word' id='word_1_7' title='bbox 300 908 341 968; x_wconf 88' lang='lat' dir='ltr'><strong>ad</strong></span> <span class='ocrx_word' id='word_1_8' title='bbox 359 906 552 1001; x_wconf 57' lang='lat' dir='ltr'><strong>interanea,</strong></span> <span class='ocrx_word' id='word_1_9' title='bbox 563 907 680 989; x_wconf 88' lang='lat' dir='ltr'><strong>quibus</strong></span> <span class='ocrx_word' id='word_1_10' title='bbox 699 904 855 969; x_wconf 77' lang='lat' dir='ltr'><strong>calefactis</strong></span> <span class='ocrx_word' id='word_1_11' title='bbox 873 919 907 971; x_wconf 88' lang='lat' dir='ltr'><strong>et</strong></span> <span class='ocrx_word' id='word_1_12' title='bbox 925 908 1019 991; x_wconf 85' lang='lat' dir='ltr'><strong>ipsis,</strong></span> <span class='ocrx_word' id='word_1_13' title='bbox 1044 918 1112 974; x_wconf 85' lang='lat' dir='ltr'><strong>lum</strong></span> <span class='ocrx_word' id='word_1_14' title='bbox 1128 932 1164 975; x_wconf 87' lang='lat' dir='ltr'><strong>se</strong></span> 
     </span>
     <span class='ocr_line' id='line_1_3' title="bbox 140 1005 1164 1089; baseline -0.004 -16"><span class='ocrx_word' id='word_1_15' title='bbox 140 1008 302 1087; x_wconf 76' lang='lat' dir='ltr'><strong>dispergat</strong></span> <span class='ocrx_word' id='word_1_16' title='bbox 316 1018 417 1069; x_wconf 80' lang='lat' dir='ltr'><strong>extra.</strong></span> <span class='ocrx_word' id='word_1_17' title='bbox 451 1005 549 1069; x_wconf 87' lang='lat' dir='ltr'><strong>Certe</strong></span> <span class='ocrx_word' id='word_1_18' title='bbox 556 1007 646 1067; x_wconf 75' lang='lat' dir='ltr'><strong>euim</strong></span> <span class='ocrx_word' id='word_1_19' title='bbox 662 1005 719 1089; x_wconf 78' lang='lat' dir='ltr'><strong>qtri</strong></span> <span class='ocrx_word' id='word_1_20' title='bbox 738 1005 913 1087; x_wconf 80' lang='lat' dir='ltr'><strong>ltGuajaeo</strong></span> <span class='ocrx_word' id='word_1_21' title='bbox 925 1006 1164 1081; x_wconf 83' lang='lat' dir='ltr'><strong>eonv&#39;alueruut,</strong></span> 
     </span>
     <span class='ocr_line' id='line_1_4' title="bbox 138 1106 1165 1188; baseline 0 -17"><span class='ocrx_word' id='word_1_22' title='bbox 138 1106 334 1172; x_wconf 67' lang='lat' dir='ltr'><strong>calidissimis</strong></span> <span class='ocrx_word' id='word_1_23' title='bbox 355 1126 423 1168; x_wconf 82' lang='lat' dir='ltr'><strong>esse</strong></span> <span class='ocrx_word' id='word_1_24' title='bbox 444 1106 591 1169; x_wconf 90' lang='lat' dir='ltr'><strong>membris</strong></span> <span class='ocrx_word' id='word_1_25' title='bbox 606 1106 639 1167; x_wconf 90' lang='lat' dir='ltr'><strong>iu</strong></span> <span class='ocrx_word' id='word_1_26' title='bbox 655 1120 820 1188; x_wconf 82' lang='lat' dir='ltr'><strong>comperto</strong></span> <span class='ocrx_word' id='word_1_27' title='bbox 836 1119 897 1179; x_wconf 80' lang='lat' dir='ltr'><strong>eat.</strong></span> <span class='ocrx_word' id='word_1_28' title='bbox 934 1110 984 1174; x_wconf 84' lang='lat' dir='ltr'><strong>Ae</strong></span> <span class='ocrx_word' id='word_1_29' title='bbox 1002 1107 1078 1170; x_wconf 83' lang='lat' dir='ltr'><strong>milii</strong></span> <span class='ocrx_word' id='word_1_30' title='bbox 1092 1128 1165 1171; x_wconf 80' lang='lat' dir='ltr'><strong>erim</strong></span> 
     </span>
     <span class='ocr_line' id='line_1_5' title="bbox 139 1206 1165 1291; baseline -0.001 -19"><span class='ocrx_word' id='word_1_31' title='bbox 139 1211 268 1288; x_wconf 80' lang='lat' dir='ltr'>hyemes</span> <span class='ocrx_word' id='word_1_32' title='bbox 294 1206 454 1286; x_wconf 84' lang='lat' dir='ltr'><strong>proximas</strong></span> <span class='ocrx_word' id='word_1_33' title='bbox 489 1228 547 1269; x_wconf 86' lang='lat' dir='ltr'><strong>sex</strong></span> <span class='ocrx_word' id='word_1_34' title='bbox 568 1219 621 1268; x_wconf 89' lang='lat' dir='ltr'><strong>aut</strong></span> <span class='ocrx_word' id='word_1_35' title='bbox 644 1218 782 1287; x_wconf 87' lang='lat' dir='ltr'><strong>septem,</strong></span> <span class='ocrx_word' id='word_1_36' title='bbox 807 1208 843 1270; x_wconf 90' lang='lat' dir='ltr'><strong>iu</strong></span> <span class='ocrx_word' id='word_1_37' title='bbox 865 1221 987 1271; x_wconf 84' lang='lat' dir='ltr'><strong>tantum</strong></span> <span class='ocrx_word' id='word_1_38' title='bbox 1009 1208 1165 1291; x_wconf 77' lang='lat' dir='ltr'><strong>frigerent</strong></span> 
     </span>
     <span class='ocr_line' id='line_1_6' title="bbox 139 1306 1164 1389; baseline 0.002 -18"><span class='ocrx_word' id='word_1_39' title='bbox 139 1326 235 1371; x_wconf 81' lang='lat' dir='ltr'><strong>crura</strong></span> <span class='ocrx_word' id='word_1_40' title='bbox 252 1328 289 1368; x_wconf 88' lang='lat' dir='ltr'><strong>ae</strong></span> <span class='ocrx_word' id='word_1_41' title='bbox 308 1307 424 1387; x_wconf 86' lang='lat' dir='ltr'><strong>pedes,</strong></span> <span class='ocrx_word' id='word_1_42' title='bbox 444 1318 480 1368; x_wconf 87' lang='lat' dir='ltr'><strong>ut</strong></span> <span class='ocrx_word' id='word_1_43' title='bbox 499 1306 571 1369; x_wconf 85' lang='lat' dir='ltr'><strong>satis</strong></span> <span class='ocrx_word' id='word_1_44' title='bbox 590 1328 772 1389; x_wconf 84' lang='lat' dir='ltr'><strong>uunquam,</strong></span> <span class='ocrx_word' id='word_1_45' title='bbox 794 1308 895 1372; x_wconf 86' lang='lat' dir='ltr'><strong>mullis</strong></span> <span class='ocrx_word' id='word_1_46' title='bbox 917 1308 1009 1371; x_wconf 80' lang='lat' dir='ltr'><strong>etism</strong></span> <span class='ocrx_word' id='word_1_47' title='bbox 1028 1308 1164 1373; x_wconf 84' lang='lat' dir='ltr'><strong>inductis</strong></span> 
     </span>
     <span class='ocr_line' id='line_1_7' title="bbox 139 1404 1165 1490; baseline 0.001 -20"><span class='ocrx_word' id='word_1_48' title='bbox 139 1408 281 1470; x_wconf 83' lang='lat' dir='ltr'><strong>vestibus</strong></span> <span class='ocrx_word' id='word_1_49' title='bbox 304 1404 440 1469; x_wconf 82' lang='lat' dir='ltr'><strong>calefieri</strong></span> <span class='ocrx_word' id='word_1_50' title='bbox 469 1418 619 1486; x_wconf 86' lang='lat' dir='ltr'><strong>possent,</strong></span> <span class='ocrx_word' id='word_1_51' title='bbox 646 1407 727 1489; x_wconf 67' lang='lat' dir='ltr'><strong>adeo</strong></span> <span class='ocrx_word' id='word_1_52' title='bbox 753 1410 855 1469; x_wconf 79' lang='lat' dir='ltr'><strong>ualent</strong></span> <span class='ocrx_word' id='word_1_53' title='bbox 879 1429 965 1471; x_wconf 90' lang='lat' dir='ltr'><strong>uuue</strong></span> <span class='ocrx_word' id='word_1_54' title='bbox 982 1420 1019 1469; x_wconf 91' lang='lat' dir='ltr'><strong>ut</strong></span> <span class='ocrx_word' id='word_1_55' title='bbox 1036 1408 1165 1490; x_wconf 74' lang='lat' dir='ltr'><strong>simplici</strong></span> 
     </span>
     <span class='ocr_line' id='line_1_8' title="bbox 140 1506 1166 1591; baseline 0 -20"><span class='ocrx_word' id='word_1_56' title='bbox 140 1520 178 1572; x_wconf 89' lang='lat' dir='ltr'><strong>ut</strong></span> <span class='ocrx_word' id='word_1_57' title='bbox 195 1511 359 1588; x_wconf 86' lang='lat' dir='ltr'><strong>plurimum</strong></span> <span class='ocrx_word' id='word_1_58' title='bbox 374 1506 555 1570; x_wconf 84' lang='lat' dir='ltr'><strong>indumento</strong></span> <span class='ocrx_word' id='word_1_59' title='bbox 569 1506 670 1589; x_wconf 77' lang='lat' dir='ltr'><strong>frigus</strong></span> <span class='ocrx_word' id='word_1_60' title='bbox 690 1528 820 1571; x_wconf 83' lang='lat' dir='ltr'><strong>arceam.</strong></span> <span class='ocrx_word' id='word_1_61' title='bbox 857 1510 978 1590; x_wconf 77' lang='lat' dir='ltr'><strong>Quibus</strong></span> <span class='ocrx_word' id='word_1_62' title='bbox 996 1511 1040 1571; x_wconf 84' lang='lat' dir='ltr'><strong>sle</strong></span> <span class='ocrx_word' id='word_1_63' title='bbox 1056 1513 1166 1591; x_wconf 83' lang='lat' dir='ltr'><strong>cogni-</strong></span> 
     </span>
     <span class='ocr_line' id='line_1_9' title="bbox 141 1607 1167 1688; baseline -0.003 -16"><span class='ocrx_word' id='word_1_64' title='bbox 141 1610 181 1672; x_wconf 87' lang='lat' dir='ltr'><strong>tis</strong></span> <span class='ocrx_word' id='word_1_65' title='bbox 200 1609 239 1672; x_wconf 83' lang='lat' dir='ltr'><strong>ad</strong></span> <span class='ocrx_word' id='word_1_66' title='bbox 256 1607 334 1670; x_wconf 88' lang='lat' dir='ltr'><strong>illud</strong></span> <span class='ocrx_word' id='word_1_67' title='bbox 354 1608 479 1669; x_wconf 84' lang='lat' dir='ltr'><strong>landem</strong></span> <span class='ocrx_word' id='word_1_68' title='bbox 500 1608 639 1669; x_wconf 86' lang='lat' dir='ltr'><strong>eundum</strong></span> <span class='ocrx_word' id='word_1_69' title='bbox 659 1619 722 1682; x_wconf 85' lang='lat' dir='ltr'><strong>est,</strong></span> <span class='ocrx_word' id='word_1_70' title='bbox 749 1609 840 1688; x_wconf 86' lang='lat' dir='ltr'><strong>quod</strong></span> <span class='ocrx_word' id='word_1_71' title='bbox 856 1610 898 1672; x_wconf 88' lang='lat' dir='ltr'><strong>sit</strong></span> <span class='ocrx_word' id='word_1_72' title='bbox 921 1608 1053 1687; x_wconf 82' lang='lat' dir='ltr'><strong>Guajaci</strong></span> <span class='ocrx_word' id='word_1_73' title='bbox 1071 1629 1167 1688; x_wconf 71' lang='lat' dir='ltr'><strong>opuss</strong></span> 
     </span>
     <span class='ocr_line' id='line_1_10' title="bbox 141 1704 796 1789; baseline -0.003 -17"><span class='ocrx_word' id='word_1_74' title='bbox 141 1721 175 1772; x_wconf 88' lang='lat' dir='ltr'><strong>et</strong></span> <span class='ocrx_word' id='word_1_75' title='bbox 190 1719 300 1771; x_wconf 85' lang='lat' dir='ltr'><strong>eontra</strong></span> <span class='ocrx_word' id='word_1_76' title='bbox 319 1728 403 1789; x_wconf 90' lang='lat' dir='ltr'><strong>quos</strong></span> <span class='ocrx_word' id='word_1_77' title='bbox 422 1707 554 1770; x_wconf 83' lang='lat' dir='ltr'><strong>morbos</strong></span> <span class='ocrx_word' id='word_1_78' title='bbox 570 1704 796 1784; x_wconf 82' lang='lat' dir='ltr'><strong>jurameutum.</strong></span> 
     </span>
    </p>
   </div>
   <div class='ocr_carea' id='block_1_3' title="bbox 517 2091 801 2193">
    <p class='ocr_par' dir='ltr' id='par_1_3' title="bbox 517 2091 801 2193">
     <span class='ocr_line' id='line_1_11' title="bbox 517 2091 801 2193; baseline -0.004 -35"><span class='ocrx_word' id='word_1_79' title='bbox 517 2091 629 2158; x_wconf 66' lang='lat' dir='ltr'><strong>Ciam</strong></span> <span class='ocrx_word' id='word_1_80' title='bbox 667 2091 801 2193; x_wconf 36' lang='lat' dir='ltr'>XXIX:</span> 
     </span>
    </p>
   </div>
   <div class='ocr_carea' id='block_1_4' title="bbox 142 2216 1115 2435">
    <p class='ocr_par' dir='ltr' id='par_1_4' title="bbox 142 2216 1115 2435">
     <span class='ocr_line' id='line_1_12' title="bbox 142 2216 1115 2341; baseline 0 -29"><span class='ocrx_word' id='word_1_81' title='bbox 142 2264 145 2269; x_wconf 88' lang='lat'>·</span> <span class='ocrx_word' id='word_1_82' title='bbox 192 2216 287 2331; x_wconf 65' lang='lat' dir='ltr'><strong>Qum</strong></span> <span class='ocrx_word' id='word_1_83' title='bbox 312 2242 390 2341; x_wconf 85' lang='lat' dir='ltr'><strong>ejus</strong></span> <span class='ocrx_word' id='word_1_84' title='bbox 421 2239 499 2330; x_wconf 80' lang='lat' dir='ltr'><strong>vis,</strong></span> <span class='ocrx_word' id='word_1_85' title='bbox 523 2252 571 2335; x_wconf 48' lang='lat' dir='ltr'><strong>‚et</strong></span> <span class='ocrx_word' id='word_1_86' title='bbox 595 2264 687 2337; x_wconf 91' lang='lat' dir='ltr'><strong>quos</strong></span> <span class='ocrx_word' id='word_1_87' title='bbox 720 2249 851 2312; x_wconf 84' lang='lat' dir='ltr'><strong>contra</strong></span> <span class='ocrx_word' id='word_1_88' title='bbox 881 2240 1033 2314; x_wconf 83' lang='lat' dir='ltr'><strong>morbos</strong></span> <span class='ocrx_word' id='word_1_89' title='bbox 1053 2238 1115 2336; x_wconf 92' lang='lat' dir='ltr'><strong>qui</strong></span> 
     </span>
     <span class='ocr_line' id='line_1_13' title="bbox 572 2365 831 2435; baseline -0.008 -1"><span class='ocrx_word' id='word_1_90' title='bbox 572 2365 739 2435; x_wconf 85' lang='lat' dir='ltr'><strong>effectus.</strong></span> <span class='ocrx_word' id='word_1_91' title='bbox 825 2374 831 2385; x_wconf 90' lang='lat'>&#39;</span> 
     </span>
    </p>
   </div>
   <div class='ocr_carea' id='block_1_5' title="bbox 140 2527 1170 3610">
    <p class='ocr_par' dir='ltr' id='par_1_5' title="bbox 140 2527 1170 3610">
     <span class='ocr_line' id='line_1_14' title="bbox 217 2527 1167 2612; baseline 0.002 -22"><span class='ocrx_word' id='word_1_92' title='bbox 217 2528 309 2607; x_wconf 88' lang='lat' dir='ltr'><strong>Opus</strong></span> <span class='ocrx_word' id='word_1_93' title='bbox 339 2527 409 2609; x_wconf 83' lang='lat' dir='ltr'><strong>ejus</strong></span> <span class='ocrx_word' id='word_1_94' title='bbox 437 2530 630 2612; x_wconf 81' lang='lat' dir='ltr'><strong>praecipuum</strong></span> <span class='ocrx_word' id='word_1_95' title='bbox 658 2539 707 2591; x_wconf 87' lang='lat' dir='ltr'><strong>est</strong></span> <span class='ocrx_word' id='word_1_96' title='bbox 731 2540 764 2591; x_wconf 90' lang='lat' dir='ltr'><strong>et</strong></span> <span class='ocrx_word' id='word_1_97' title='bbox 789 2527 965 2608; x_wconf 74' lang='lat' dir='ltr'><strong>peculiare,</strong></span> <span class='ocrx_word' id='word_1_98' title='bbox 994 2529 1115 2593; x_wconf 85' lang='lat' dir='ltr'><strong>tollere·</strong></span> <span class='ocrx_word' id='word_1_99' title='bbox 1130 2527 1167 2592; x_wconf 85' lang='lat' dir='ltr'><strong>iu</strong></span> 
     </span>
     <span class='ocr_line' id='line_1_15' title="bbox 142 2625 1168 2711; baseline 0.005 -24"><span class='ocrx_word' id='word_1_100' title='bbox 142 2625 343 2702; x_wconf 82' lang='lat' dir='ltr'><strong>uuiversum,</strong></span> <span class='ocrx_word' id='word_1_101' title='bbox 362 2639 395 2690; x_wconf 88' lang='lat' dir='ltr'><strong>et</strong></span> <span class='ocrx_word' id='word_1_102' title='bbox 412 2634 429 2691; x_wconf 77' lang='lat' dir='ltr'><strong>li</strong></span> <span class='ocrx_word' id='word_1_103' title='bbox 443 2630 548 2693; x_wconf 84' lang='lat' dir='ltr'><strong>radice</strong></span> <span class='ocrx_word' id='word_1_104' title='bbox 565 2628 711 2692; x_wconf 84' lang='lat' dir='ltr'><strong>morbum</strong></span> <span class='ocrx_word' id='word_1_105' title='bbox 730 2628 900 2705; x_wconf 80' lang='lat' dir='ltr'><strong>Gallicum,</strong></span> <span class='ocrx_word' id='word_1_106' title='bbox 920 2629 978 2693; x_wconf 84' lang='lat' dir='ltr'><strong>sed</strong></span> <span class='ocrx_word' id='word_1_107' title='bbox 995 2628 1095 2711; x_wconf 83' lang='lat' dir='ltr'><strong>magis</strong></span> <span class='ocrx_word' id='word_1_108' title='bbox 1110 2648 1168 2692; x_wconf 80' lang='lat' dir='ltr'><strong>ve·</strong></span> 
     </span>
     <span class='ocr_line' id='line_1_16' title="bbox 143 2722 1169 2823; baseline 0.008 -38"><span class='ocrx_word' id='word_1_109' title='bbox 143 2734 263 2787; x_wconf 77' lang='lat' dir='ltr'><strong>uratum</strong></span> <span class='ocrx_word' id='word_1_110' title='bbox 280 2722 343 2805; x_wconf 85' lang='lat' dir='ltr'><strong>jam</strong></span> <span class='ocrx_word' id='word_1_111' title='bbox 362 2739 395 2790; x_wconf 87' lang='lat' dir='ltr'><strong>et</strong></span> <span class='ocrx_word' id='word_1_112' title='bbox 412 2728 615 2813; x_wconf 83' lang='lat' dir='ltr'><strong>antiquatum.</strong></span> <span class='ocrx_word' id='word_1_113' title='bbox 654 2730 802 2793; x_wconf 85' lang='lat' dir='ltr'><strong>Vidimus</strong></span> <span class='ocrx_word' id='word_1_114' title='bbox 826 2731 911 2796; x_wconf 88' lang='lat' dir='ltr'><strong>enim</strong></span> <span class='ocrx_word' id='word_1_115' title='bbox 937 2730 995 2823; x_wconf 57' lang='lat' dir='ltr'><strong>qai</strong></span> <span class='ocrx_word' id='word_1_116' title='bbox 1015 2750 1058 2793; x_wconf 81' lang='lat' dir='ltr'><strong>ex</strong></span> <span class='ocrx_word' id='word_1_117' title='bbox 1076 2729 1169 2793; x_wconf 82' lang='lat' dir='ltr'><strong>inve·</strong></span> 
     </span>
     <span class='ocr_line' id='line_1_17' title="bbox 144 2826 1169 2915; baseline 0.008 -31"><span class='ocrx_word' id='word_1_118' title='bbox 144 2834 247 2885; x_wconf 79' lang='lat' dir='ltr'><strong>tereto</strong></span> <span class='ocrx_word' id='word_1_119' title='bbox 265 2826 468 2909; x_wconf 77' lang='lat' dir='ltr'><strong>languerent,</strong></span> <span class='ocrx_word' id='word_1_120' title='bbox 492 2829 585 2894; x_wconf 87' lang='lat' dir='ltr'><strong>citius</strong></span> <span class='ocrx_word' id='word_1_121' title='bbox 604 2830 671 2907; x_wconf 89' lang='lat' dir='ltr'><strong>hia,</strong></span> <span class='ocrx_word' id='word_1_122' title='bbox 701 2831 757 2915; x_wconf 89' lang='lat' dir='ltr'><strong>qui</strong></span> <span class='ocrx_word' id='word_1_123' title='bbox 782 2831 903 2895; x_wconf 81' lang='lat' dir='ltr'><strong>recenti</strong></span> <span class='ocrx_word' id='word_1_124' title='bbox 930 2832 1034 2893; x_wconf 84' lang='lat' dir='ltr'><strong>adhue</strong></span> <span class='ocrx_word' id='word_1_125' title='bbox 1062 2826 1169 2892; x_wconf 78' lang='lat' dir='ltr'><strong>scabie</strong></span> 
     </span>
     <span class='ocr_line' id='line_1_18' title="bbox 142 2924 1167 3014; baseline 0.005 -30"><span class='ocrx_word' id='word_1_126' title='bbox 142 2924 347 3002; x_wconf 86' lang='lat' dir='ltr'><strong>tenebantur,</strong></span> <span class='ocrx_word' id='word_1_127' title='bbox 368 2938 399 2990; x_wconf 89' lang='lat' dir='ltr'><strong>et</strong></span> <span class='ocrx_word' id='word_1_128' title='bbox 417 2928 528 2993; x_wconf 88' lang='lat' dir='ltr'><strong>melius</strong></span> <span class='ocrx_word' id='word_1_129' title='bbox 547 2930 720 2995; x_wconf 83' lang='lat' dir='ltr'><strong>restitutos.</strong></span> <span class='ocrx_word' id='word_1_130' title='bbox 757 2932 833 2994; x_wconf 91' lang='lat' dir='ltr'><strong>Non</strong></span> <span class='ocrx_word' id='word_1_131' title='bbox 851 2928 1053 3014; x_wconf 86' lang='lat' dir='ltr'><strong>quodetiam</strong></span> <span class='ocrx_word' id='word_1_132' title='bbox 1070 2927 1167 2991; x_wconf 90' lang='lat' dir='ltr'><strong>iubis</strong></span> 
     </span>
     <span class='ocr_line' id='line_1_19' title="bbox 143 3024 1168 3115; baseline 0.002 -29"><span class='ocrx_word' id='word_1_133' title='bbox 143 3024 305 3109; x_wconf 76' lang='lat' dir='ltr'><strong>quippiam</strong></span> <span class='ocrx_word' id='word_1_134' title='bbox 332 3026 504 3092; x_wconf 70' lang='lat' dir='ltr'><strong>insanabile</strong></span> <span class='ocrx_word' id='word_1_135' title='bbox 533 3030 786 3115; x_wconf 84' lang='lat' dir='ltr'><strong>relinqueretur,</strong></span> <span class='ocrx_word' id='word_1_136' title='bbox 816 3030 874 3094; x_wconf 83' lang='lat' dir='ltr'><strong>sed</strong></span> <span class='ocrx_word' id='word_1_137' title='bbox 905 3026 980 3111; x_wconf 87' lang='lat' dir='ltr'><strong>quia</strong></span> <span class='ocrx_word' id='word_1_138' title='bbox 1013 3026 1168 3089; x_wconf 85' lang='lat' dir='ltr'><strong>difficilius</strong></span> 
     </span>
     <span class='ocr_line' id='line_1_20' title="bbox 140 3126 1169 3208; baseline 0.002 -21"><span class='ocrx_word' id='word_1_139' title='bbox 140 3127 288 3205; x_wconf 82' lang='lat' dir='ltr'><strong>procedit</strong></span> <span class='ocrx_word' id='word_1_140' title='bbox 310 3127 450 3204; x_wconf 84' lang='lat' dir='ltr'><strong>curatio,</strong></span> <span class='ocrx_word' id='word_1_141' title='bbox 481 3140 513 3190; x_wconf 92' lang='lat' dir='ltr'><strong>et</strong></span> <span class='ocrx_word' id='word_1_142' title='bbox 533 3130 651 3194; x_wconf 86' lang='lat' dir='ltr'><strong>diutius</strong></span> <span class='ocrx_word' id='word_1_143' title='bbox 674 3133 804 3195; x_wconf 77' lang='lat' dir='ltr'><strong>inhaeret</strong></span> <span class='ocrx_word' id='word_1_144' title='bbox 822 3129 971 3203; x_wconf 86' lang='lat' dir='ltr'><strong>morbus,</strong></span> <span class='ocrx_word' id='word_1_145' title='bbox 1000 3145 1037 3188; x_wconf 85' lang='lat' dir='ltr'><strong>ae</strong></span> <span class='ocrx_word' id='word_1_146' title='bbox 1055 3126 1169 3208; x_wconf 76' lang='lat' dir='ltr'><strong>egrius</strong></span> 
     </span>
     <span class='ocr_line' id='line_1_21' title="bbox 142 3225 1170 3323; baseline 0.002 -36"><span class='ocrx_word' id='word_1_147' title='bbox 142 3229 294 3291; x_wconf 79' lang='lat' dir='ltr'><strong>evellitur.</strong></span> <span class='ocrx_word' id='word_1_148' title='bbox 334 3229 446 3313; x_wconf 84' lang='lat' dir='ltr'><strong>ltaque</strong></span> <span class='ocrx_word' id='word_1_149' title='bbox 466 3241 623 3306; x_wconf 89' lang='lat' dir='ltr'><strong>tumores,</strong></span> <span class='ocrx_word' id='word_1_150' title='bbox 642 3244 676 3294; x_wconf 84' lang='lat' dir='ltr'><strong>et</strong></span> <span class='ocrx_word' id='word_1_151' title='bbox 694 3230 897 3294; x_wconf 83' lang='lat' dir='ltr'><strong>collectiolies</strong></span> <span class='ocrx_word' id='word_1_152' title='bbox 911 3248 949 3292; x_wconf 87' lang='lat' dir='ltr'><strong>ae</strong></span> <span class='ocrx_word' id='word_1_153' title='bbox 967 3225 1118 3323; x_wconf 54' lang='lat' dir='ltr'><strong>durities,</strong></span> <span class='ocrx_word' id='word_1_154' title='bbox 1136 3236 1170 3289; x_wconf 87' lang='lat' dir='ltr'><strong>et</strong></span> 
     </span>
     <span class='ocr_line' id='line_1_22' title="bbox 144 3328 1169 3414; baseline -0.001 -24"><span class='ocrx_word' id='word_1_155' title='bbox 144 3329 251 3404; x_wconf 86' lang='lat' dir='ltr'><strong>sinus,</strong></span> <span class='ocrx_word' id='word_1_156' title='bbox 271 3341 304 3390; x_wconf 89' lang='lat' dir='ltr'><strong>et</strong></span> <span class='ocrx_word' id='word_1_157' title='bbox 321 3330 451 3407; x_wconf 82' lang='lat' dir='ltr'><strong>tubero,</strong></span> <span class='ocrx_word' id='word_1_158' title='bbox 480 3350 550 3414; x_wconf 82' lang='lat' dir='ltr'><strong>quse</strong></span> <span class='ocrx_word' id='word_1_159' title='bbox 570 3334 685 3395; x_wconf 84' lang='lat' dir='ltr'><strong>multos</strong></span> <span class='ocrx_word' id='word_1_160' title='bbox 707 3331 769 3410; x_wconf 88' lang='lat' dir='ltr'><strong>jam</strong></span> <span class='ocrx_word' id='word_1_161' title='bbox 787 3351 886 3393; x_wconf 83' lang='lat' dir='ltr'><strong>asinos</strong></span> <span class='ocrx_word' id='word_1_162' title='bbox 906 3337 1078 3402; x_wconf 86' lang='lat' dir='ltr'><strong>steterunt,</strong></span> <span class='ocrx_word' id='word_1_163' title='bbox 1105 3328 1169 3401; x_wconf 58' lang='lat' dir='ltr'><strong>sot,</strong></span> 
     </span>
     <span class='ocr_line' id='line_1_23' title="bbox 144 3424 1170 3509; baseline 0.005 -25"><span class='ocrx_word' id='word_1_164' title='bbox 144 3425 190 3486; x_wconf 87' lang='lat' dir='ltr'><strong>vit</strong></span> <span class='ocrx_word' id='word_1_165' title='bbox 208 3447 245 3487; x_wconf 84' lang='lat' dir='ltr'><strong>ae</strong></span> <span class='ocrx_word' id='word_1_166' title='bbox 262 3428 405 3509; x_wconf 83' lang='lat' dir='ltr'><strong>dissipat,</strong></span> <span class='ocrx_word' id='word_1_167' title='bbox 427 3451 500 3491; x_wconf 87' lang='lat' dir='ltr'><strong>eum</strong></span> <span class='ocrx_word' id='word_1_168' title='bbox 518 3424 700 3495; x_wconf 53' lang='lat' dir='ltr'><strong>miraculos</strong></span> <span class='ocrx_word' id='word_1_169' title='bbox 718 3432 894 3505; x_wconf 81' lang='lat' dir='ltr'><strong>Fluxiones</strong></span> <span class='ocrx_word' id='word_1_170' title='bbox 908 3429 977 3493; x_wconf 84' lang='lat' dir='ltr'><strong>sive</strong></span> <span class='ocrx_word' id='word_1_171' title='bbox 995 3437 1170 3503; x_wconf 77' lang='lat' dir='ltr'><strong>consumat,</strong></span> 
     </span>
     <span class='ocr_line' id='line_1_24' title="bbox 146 3520 1170 3610; baseline 0.008 -25"><span class='ocrx_word' id='word_1_172' title='bbox 146 3524 214 3587; x_wconf 83' lang='lat' dir='ltr'><strong>sire</strong></span> <span class='ocrx_word' id='word_1_173' title='bbox 238 3540 378 3601; x_wconf 84' lang='lat' dir='ltr'><strong>avertat,</strong></span> <span class='ocrx_word' id='word_1_174' title='bbox 405 3530 530 3610; x_wconf 82' lang='lat' dir='ltr'><strong>penitus</strong></span> <span class='ocrx_word' id='word_1_175' title='bbox 554 3532 676 3595; x_wconf 81' lang='lat' dir='ltr'><strong>aufert..</strong></span> <span class='ocrx_word' id='word_1_176' title='bbox 705 3534 818 3596; x_wconf 81' lang='lat' dir='ltr'><strong>Ulcera</strong></span> <span class='ocrx_word' id='word_1_177' title='bbox 839 3520 884 3594; x_wconf 85' lang='lat' dir='ltr'><strong>¹ad</strong></span> <span class='ocrx_word' id='word_1_178' title='bbox 910 3528 1170 3608; x_wconf 84' lang='lat' dir='ltr'><strong>suppurationem</strong></span> 
     </span>
    </p>
   </div>
   <div class='ocr_carea' id='block_1_6' title="bbox 128 3728 1291 4416">
    <p class='ocr_par' dir='ltr' id='par_1_6' title="bbox 128 3728 1291 4416">
     <span class='ocr_line' id='line_1_25' title="bbox 145 3728 1169 3812; baseline 0.004 -27"><span class='ocrx_word' id='word_1_179' title='bbox 145 3728 234 3799; x_wconf 85' lang='lat' dir='ltr'><strong>latet,</strong></span> <span class='ocrx_word' id='word_1_180' title='bbox 247 3728 339 3791; x_wconf 85' lang='lat' dir='ltr'><strong>eruit.</strong></span> <span class='ocrx_word' id='word_1_181' title='bbox 369 3730 481 3812; x_wconf 90' lang='lat' dir='ltr'><strong>ltaque</strong></span> <span class='ocrx_word' id='word_1_182' title='bbox 501 3732 566 3793; x_wconf 83' lang='lat' dir='ltr'><strong>aliis&#39;</strong></span> <span class='ocrx_word' id='word_1_183' title='bbox 583 3744 617 3794; x_wconf 89' lang='lat' dir='ltr'><strong>ul</strong></span> <span class='ocrx_word' id='word_1_184' title='bbox 631 3734 703 3796; x_wconf 85' lang='lat' dir='ltr'><strong>milri</strong></span> <span class='ocrx_word' id='word_1_185' title='bbox 721 3753 793 3797; x_wconf 86' lang='lat' dir='ltr'><strong>ossa</strong></span> <span class='ocrx_word' id='word_1_186' title='bbox 804 3730 959 3805; x_wconf 84' lang='lat' dir='ltr'><strong>denudat,</strong></span> <span class='ocrx_word' id='word_1_187' title='bbox 974 3730 1038 3809; x_wconf 81' lang='lat' dir='ltr'><strong>aljis</strong></span> <span class='ocrx_word' id='word_1_188' title='bbox 1050 3746 1169 3789; x_wconf 83' lang='lat' dir='ltr'><strong>nervos</strong></span> 
     </span>
     <span class='ocr_line' id='line_1_26' title="bbox 146 3819 1291 3910; baseline -0.003 -18"><span class='ocrx_word' id='word_1_189' title='bbox 146 3819 286 3892; x_wconf 78' lang='lat' dir='ltr'><strong>ostendit</strong></span> <span class='ocrx_word' id='word_1_190' title='bbox 296 3840 327 3890; x_wconf 88' lang='lat' dir='ltr'><strong>et</strong></span> <span class='ocrx_word' id='word_1_191' title='bbox 342 3849 439 3892; x_wconf 81' lang='lat' dir='ltr'><strong>venas</strong></span> <span class='ocrx_word' id='word_1_192' title='bbox 459 3832 651 3910; x_wconf 90' lang='lat' dir='ltr'><strong>perrumpit,</strong></span> <span class='ocrx_word' id='word_1_193' title='bbox 672 3843 725 3895; x_wconf 82' lang='lat' dir='ltr'><strong>sul</strong></span> <span class='ocrx_word' id='word_1_194' title='bbox 737 3831 883 3895; x_wconf 83' lang='lat' dir='ltr'><strong>altissime</strong></span> <span class='ocrx_word' id='word_1_195' title='bbox 899 3828 1022 3902; x_wconf 82' lang='lat' dir='ltr'><strong>exedit,</strong></span> <span class='ocrx_word' id='word_1_196' title='bbox 1037 3826 1170 3887; x_wconf 82' lang='lat' dir='ltr'><strong>iuleetas</strong></span> <span class='ocrx_word' id='word_1_197' title='bbox 1286 3880 1291 3889; x_wconf 92' lang='lat'><em>.</em></span> 
     </span>
     <span class='ocr_line' id='line_1_27' title="bbox 143 3918 1171 4009; baseline -0.002 -21"><span class='ocrx_word' id='word_1_198' title='bbox 143 3927 258 3991; x_wconf 90' lang='lat' dir='ltr'><strong>morbo</strong></span> <span class='ocrx_word' id='word_1_199' title='bbox 276 3941 397 4009; x_wconf 84' lang='lat' dir='ltr'><strong>partes,</strong></span> <span class='ocrx_word' id='word_1_200' title='bbox 414 3941 502 3992; x_wconf 82' lang='lat' dir='ltr'><strong>tauto</strong></span> <span class='ocrx_word' id='word_1_201' title='bbox 515 3952 587 3993; x_wconf 84' lang='lat' dir='ltr'><strong>curu</strong></span> <span class='ocrx_word' id='word_1_202' title='bbox 597 3932 712 3995; x_wconf 84' lang='lat' dir='ltr'><strong>foetore</strong></span> <span class='ocrx_word' id='word_1_203' title='bbox 725 3954 762 3996; x_wconf 87' lang='lat' dir='ltr'><strong>ae</strong></span> <span class='ocrx_word' id='word_1_204' title='bbox 775 3918 931 4004; x_wconf 75' lang='lat' dir='ltr'><strong>foeditate,</strong></span> <span class='ocrx_word' id='word_1_205' title='bbox 945 3938 981 3990; x_wconf 91' lang='lat' dir='ltr'><strong>ut</strong></span> <span class='ocrx_word' id='word_1_206' title='bbox 994 3925 1077 3989; x_wconf 79' lang='lat' dir='ltr'><strong>ierri&#39;</strong></span> <span class='ocrx_word' id='word_1_207' title='bbox 1087 3925 1171 3987; x_wconf 80' lang='lat' dir='ltr'><strong>oddr</strong></span> 
     </span>
     <span class='ocr_line' id='line_1_28' title="bbox 128 4025 1172 4114; baseline 0 -27"><span class='ocrx_word' id='word_1_208' title='bbox 128 4026 194 4088; x_wconf 84' lang='lat' dir='ltr'><strong>&#39;ille</strong></span> <span class='ocrx_word' id='word_1_209' title='bbox 214 4048 279 4089; x_wconf 90' lang='lat' dir='ltr'><strong>nou</strong></span> <span class='ocrx_word' id='word_1_210' title='bbox 298 4030 408 4109; x_wconf 86' lang='lat' dir='ltr'><strong>possit.</strong></span> <span class='ocrx_word' id='word_1_211' title='bbox 448 4031 554 4093; x_wconf 91' lang='lat' dir='ltr'><strong>Porro</strong></span> <span class='ocrx_word' id='word_1_212' title='bbox 572 4030 638 4095; x_wconf 84' lang='lat' dir='ltr'><strong>vim</strong></span> <span class='ocrx_word' id='word_1_213' title='bbox 657 4032 690 4096; x_wconf 90' lang='lat' dir='ltr'><strong>ei</strong></span> <span class='ocrx_word' id='word_1_214' title='bbox 708 4053 780 4097; x_wconf 86' lang='lat' dir='ltr'><strong>esse</strong></span> <span class='ocrx_word' id='word_1_215' title='bbox 803 4031 958 4114; x_wconf 88' lang='lat' dir='ltr'><strong>eolligunt</strong></span> <span class='ocrx_word' id='word_1_216' title='bbox 977 4025 1096 4109; x_wconf 84' lang='lat' dir='ltr'><strong>plrysiei</strong></span> <span class='ocrx_word' id='word_1_217' title='bbox 1114 4046 1172 4089; x_wconf 83' lang='lat' dir='ltr'><strong>ex·</strong></span> 
     </span>
     <span class='ocr_line' id='line_1_29' title="bbox 140 4125 1172 4213; baseline 0 -27"><span class='ocrx_word' id='word_1_218' title='bbox 140 4127 389 4203; x_wconf 75' lang='lat' dir='ltr'><strong>calefactoriam,</strong></span> <span class='ocrx_word' id='word_1_219' title='bbox 412 4130 663 4208; x_wconf 81' lang='lat' dir='ltr'><strong>desiccatoriam,</strong></span> <span class='ocrx_word' id='word_1_220' title='bbox 684 4142 717 4197; x_wconf 92' lang='lat' dir='ltr'><strong>et</strong></span> <span class='ocrx_word' id='word_1_221' title='bbox 732 4132 809 4197; x_wconf 84' lang='lat' dir='ltr'><strong>vitia</strong></span> <span class='ocrx_word' id='word_1_222' title='bbox 822 4127 986 4213; x_wconf 80' lang='lat' dir='ltr'><strong>sauguinis</strong></span> <span class='ocrx_word' id='word_1_223' title='bbox 1000 4125 1172 4190; x_wconf 83' lang='lat' dir='ltr'><strong>emendare</strong></span> 
     </span>
     <span class='ocr_line' id='line_1_30' title="bbox 142 4226 1171 4309; baseline 0 -23"><span class='ocrx_word' id='word_1_224' title='bbox 142 4246 178 4286; x_wconf 85' lang='lat' dir='ltr'><strong>ae</strong></span> <span class='ocrx_word' id='word_1_225' title='bbox 197 4226 353 4307; x_wconf 83' lang='lat' dir='ltr'><strong>jocinoris</strong></span> <span class='ocrx_word' id='word_1_226' title='bbox 376 4230 499 4306; x_wconf 87' lang='lat' dir='ltr'><strong>dicunt,</strong></span> <span class='ocrx_word' id='word_1_227' title='bbox 526 4232 584 4293; x_wconf 87' lang='lat' dir='ltr'><strong>sed</strong></span> <span class='ocrx_word' id='word_1_228' title='bbox 601 4233 667 4294; x_wconf 78' lang='lat' dir='ltr'><strong>lieo</strong></span> <span class='ocrx_word' id='word_1_229' title='bbox 688 4232 793 4295; x_wconf 85' lang='lat' dir='ltr'><strong>omnia</strong></span> <span class='ocrx_word' id='word_1_230' title='bbox 807 4243 894 4296; x_wconf 86' lang='lat' dir='ltr'><strong>tauto</strong></span> <span class='ocrx_word' id='word_1_231' title='bbox 912 4236 1171 4309; x_wconf 67' lang='lat' dir='ltr'><strong>temperamento,</strong></span> 
     </span>
     <span class='ocr_line' id='line_1_31' title="bbox 144 4322 1174 4416; baseline 0.002 -32"><span class='ocrx_word' id='word_1_232' title='bbox 144 4337 176 4385; x_wconf 77' lang='lat' dir='ltr'><strong>nl</strong></span> <span class='ocrx_word' id='word_1_233' title='bbox 197 4326 416 4393; x_wconf 81' lang='lat' dir='ltr'><strong>indifferenter</strong></span> <span class='ocrx_word' id='word_1_234' title='bbox 441 4350 483 4396; x_wconf 79' lang='lat' dir='ltr'><strong>ex</strong></span> <span class='ocrx_word' id='word_1_235' title='bbox 502 4333 603 4397; x_wconf 83' lang='lat' dir='ltr'><strong>calida</strong></span> <span class='ocrx_word' id='word_1_236' title='bbox 622 4346 653 4397; x_wconf 89' lang='lat' dir='ltr'><strong>et</strong></span> <span class='ocrx_word' id='word_1_237' title='bbox 671 4332 788 4416; x_wconf 82' lang='lat' dir='ltr'><strong>frigida</strong></span> <span class='ocrx_word' id='word_1_238' title='bbox 808 4322 994 4415; x_wconf 83' lang='lat' dir='ltr'><strong>liiugueutes</strong></span> <span class='ocrx_word' id='word_1_239' title='bbox 1013 4346 1108 4388; x_wconf 81' lang='lat' dir='ltr'><strong>eausa</strong></span> <span class='ocrx_word' id='word_1_240' title='bbox 1129 4326 1174 4387; x_wconf 89' lang='lat' dir='ltr'><strong>le·</strong></span> 
     </span>
    </p>
   </div>
   <div class='ocr_carea' id='block_1_7' title="bbox 0 0 1330 5086">
    <p class='ocr_par' dir='ltr' id='par_1_7' title="bbox 0 0 1330 5086">
     <span class='ocr_line' id='line_1_32' title="bbox 0 0 1330 5086; baseline 0 0"><span class='ocrx_word' id='word_1_241' title='bbox 0 0 1330 5086; x_wconf 95' lang='lat' dir='ltr'><strong> </strong></span> 
     </span>
    </p>
   </div>
  </div>
 </body>
</html>
