2632 5086
208 728 281 799 322
498 722 560 795 De
579 720 731 820 Guajaci
752 720 944 841 ‘medicina

207 908 352 990 medico,
381 922 436 976 aut
452 912 537 977 bene
555 921 691 997 experto
708 914 816 995 potius
834 934 931 998 quam
947 914 1107 999 exquisite
1125 914 1236 993 docto,

206 1024 240 1078 et
258 1014 316 1099 qui
340 1027 450 1078 coacte
479 1014 625 1078 infundat
653 1014 837 1095 pharmaca,
866 1014 1017 1096 simplicia
1042 1036 1097 1092 ea,
1126 1016 1236 1087 nohis-

205 1134 271 1199 que
290 1114 407 1179 silleri
426 1125 531 1198 potest
551 1116 740 1193 vernacula,
768 1136 803 1178 sc
824 1117 1004 1178 committat.
1043 1116 1109 1196 Qui
1127 1117 1156 1181 si
1175 1117 1235 1180 du·

203 1217 338 1283 cendam
361 1216 468 1281 subtus
488 1219 592 1280 aluum
611 1215 761 1292 suaserit,
793 1227 868 1277 tune
894 1214 1074 1279 meminisse
1107 1228 1236 1298 oportet

203 1316 276 1399 ejus
298 1318 388 1403 quod
407 1317 525 1381 Paulus
550 1319 663 1393 docet,
692 1336 759 1379 non
778 1336 860 1394 saepe
877 1315 1056 1381 laciendum
1077 1318 1161 1393 boe,
1192 1340 1235 1381 ue

96 1400 105 1423 ¹
203 1417 248 1482 ob
267 1417 410 1482 crebram
426 1418 633 1483 irritationem
652 1427 830 1497 spontanea
849 1416 1043 1479 excoctionis
1056 1438 1156 1498 opus,
1177 1418 1236 1481 ob·

201 1514 316 1581 livioni
335 1527 447 1581 natura
465 1520 578 1582 tradat.
617 1517 653 1579 ln
673 1516 751 1579 cibis
771 1537 846 1579 sane
860 1518 915 1600 qui
931 1518 1089 1594 salubres,
1110 1518 1233 1603 quique

200 1618 292 1693 noxii
311 1619 374 1682 sint
395 1630 429 1683 et
456 1618 622 1703 quomodo
650 1637 763 1681 corum
784 1616 921 1702 quisque
948 1617 1088 1696 adliciat,
1114 1618 1232 1703 siquis

200 1738 269 1795 ιιοιι
285 1719 390 1784 omnia
408 1718 540 1795 dixerit,
565 1716 642 1781 nihil
656 1717 783 1781 dixerit.
820 1717 933 1801 ltaque
945 1718 1100 1801 legendos
1114 1740 1232 1784 censeo

200 1831 348 1898 autores,
386 1820 515 1885 Celsum
541 1818 675 1904 quidem·
695 1817 837 1883 breviter
863 1838 982 1901 genera
1007 1832 1232 1902 exequentem,

199 1920 335 1986 Paulum
348 1941 427 1982 reto
442 1920 587 1983 ciborum
597 1919 761 1981 facultates
776 1918 929 1999 capitibus
943 1919 1032 2001 juxta
1044 1933 1183 2004 qrratuor
1200 1933 1233 1984 et

197 2006 312 2105 uiginti
336 2021 376 2083 ad
393 2022 523 2103 longum
544 2029 795 2132 pertractantem.
833 2021 900 2082 Ant
919 2040 999 2082 vero
1016 2042 1113 2083 uriam
1130 2021 1232 2084 omni-

195 2120 257 2217 bus
268 2119 512 2185 satisfacientem
525 2119 677 2182 Galerium
684 2118 765 2203 ,qui
778 2120 812 2182 in
824 2120 912 2184 libris
926 2122 1145 2186 alimentorum
1156 2123 1233 2187 nihil

196 2219 412 2337 pretermittit.
450 2222 559 2304 Atque
576 2220 619 2283 ita
634 2218 697 2301 jam
710 2221 751 2283 de
767 2220 855 2283 victu
869 2222 965 2284 linem
979 2221 1120 2286 facturus
1132 2244 1228 2301 eram,

195 2322 257 2393 nisi
276 2332 462 2387 occurreret
481 2322 586 2385 obiter
609 2322 751 2405 quandam
772 2320 987 2403 consignanda
1006 2344 1088 2386 esse.
1125 2326 1169 2388 Et
1187 2324 1229 2389 de

194 2424 267 2539 ouis
284 2424 422 2509 primum
440 2425 506 2486 haec
525 2422 721 2485 admonebo:
751 2415 862 2485 Nullus
877 2434 924 2485 est
938 2422 1015 2485 alius
1023 2426 1151 2507 mqnu
1164 2423 1230 2488 ΡΙ)

194 2512 287 2605 nius,
306 2524 413 2599 cibus,
437 2526 493 2607 qui
506 2523 541 2586 in
552 2521 738 2605 aegritudine
751 2524 828 2599 alat,
844 2544 950 2607 neque
971 2537 1099 2600 oneret,
1121 2524 1229 2589 simul·

194 2646 260 2725 (pre
285 2624 353 2687 vini
377 2646 471 2689 usum
491 2642 524 2688 et
550 2624 613 2686 cibi
640 2623 763 2687 bahent.
807 2625 848 2684 Et
867 2624 1051 2687 Avieenna
1086 2624 1229 2690 vitellum

192 2745 331 2789 ovorum
350 2724 487 2809 gallinae,
506 2725 644 2810 perdicis
664 2726 715 2786 ael
736 2723 889 2806 phasianae
914 2744 1009 2805 supra
1029 2725 1134 2789 omnia
1155 2745 1227 2790 esse

191 2824 353 2923 alinrenta,
383 2825 434 2890 bis
465 2826 583 2912 quibus
612 2824 784 2889 diminutus
813 2826 962 2907 sanguis,
997 2835 1052 2887 aut
1080 2825 1228 2890 dissoluti

191 2914 321 3029 spiritus
333 2927 478 2991 cardiaci.
507 2928 690 2993 Alexander
702 2924 963 3006 Aphrodisium,
979 2940 1068 3039 putat
1083 2927 1228 2992 omnium

191 3028 381 3123 opmpleeti
372 3050 406 3091 ιιι
420 3049 456 3092 se
475 3028 639 3113 qualitates
657 3030 885 3090 elementorum
904 3026 1063 3102 omnium,
1083 3027 1226 3110 denique

190 3124 301 3227 muudi
335 3128 540 3213 quamdam
532 3149 637 3191 messe
668 3147 733 3188 oso
766 3125 926 3207 speciem,
960 3148 1032 3189 cum
1063 3124 1153 3211 quod
1181 3150 1226 3192 ex

191 3206 330 3317 quatuor
353 3238 478 3293 constet
496 3228 677 3302 clementis,
699 3239 765 3289 tum
787 3226 904 3310 quod'
894 3248 928 3290 ιιι
948 3226 1126 3308 sphaericam
1145 3248 1226 3290 eon·

189 3306 339 3413 gibbetur
370 3328 485 3392 lactem
492 3371 502 3403 ,
533 3347 570 3388 ac
597 3327 724 3390 vitalem
747 3327 888 3390 obtineat
919 3329 1102 3408 potentiam.
1152 3328 1227 3393 Ova

189 3427 274 3495 frixa
300 3432 480 3511 complures
507 3426 676 3503 (lamnam,
701 3439 733 3489 et
754 3428 787 3490 iu
806 3428 853 3491 his
878 3427 996 3492 Paulus
1018 3441 1051 3490 et
1071 3429 1224 3495 Galenus.

189 3528 345 3629 Idemque
370 3550 412 3592 ex
442 3527 580 3592 oleribus
611 3529 701 3611 quod
727 3540 774 3591 est
801 3532 979 3590 alimentum
1005 3551 1072 3593 non
1097 3530 1224 3613 probat.

188 3604 348 3703 D'mnant
370 3639 402 3691 et
430 3626 483 3691 alii
501 3618 609 3704 multi,
637 3628 697 3691 etsi
723 3629 773 3691 M.
800 3626 881 3693 Cato
908 3630 949 3692 ad
975 3635 1083 3695 calum
1105 3632 1222 3703 tulerit,

188 3722 370 3831 brassicam
405 3724 489 3805 Ejus
508 3725 565 3811 qui
584 3728 704 3810 ptisana
718 3730 862 3833 qnotidie
873 3744 1019 3795 vescatur
1037 3734 1077 3797 ad
1097 3736 1223 3797 satieta.

188 3843 269 3931 tepla,
290 3829 370 3895 cibis
381 3828 449 3890 aliis
465 3830 556 3891 nullis
571 3827 717 3909 impediri
732 3825 957 3895 nutrimentum
971 3834 1109 3897 Galenus
1121 3845 1224 3916 putat.

188 3930 233 4015 Et
249 3930 292 4017 de
311 3927 400 4005 tam,
419 3927 538 4012 inquit,
564 3928 648 3992 idem
668 3932 858 3997 dicerem
826 3954 888 3997 nass
879 3934 1033 3998 tardaret
1070 3936 1122 3999 De
1135 3938 1223 4001 laetis

187 4030 267 4129 etin
276 4028 351 4107 elbo
363 4042 396 4094 et
409 4030 444 4093 in
458 4024 614 4094 medicina
628 4051 690 4095 usu
708 4035 916 4114 pulcherrime
928 4028 1057 4099 Paulus.
1082 4037 1223 4099 Alexan·

187 4132 265 4217 ἀει)
280 4130 347 4193 Lae
354 4130 496 4217 ,anqu1t,
513 4142 671 4195 concocta
683 4130 777 4197 facile
792 4148 898 4210 eruet
907 4137 1009 4218 probe
1021 4140 1118 4199 uutut
1126 4136 1222 4223 ,quia

186 4210 315 4313 labile
305 4254 340 4297 ιι)
366 4232 552 4317 sauguinem
581 4235 714 4299 tramite
743 4246 867 4316 potest,
901 4237 1027 4319 quod
1017 4259 1035 4298 e
1062 4238 1220 4321 sangnine

186 4335 305 4425 laeuam
321 4343 387 4412 est,
405 4350 439 4399 st
455 4330 527 4399 lero
545 4333 673 4417 sanguia
690 4350 739 4397 est
751 4333 934 4399 albelaetus.
970 4337 1047 4399 Hae
1061 4358 1104 4401 ex
1114 4337 1220 4402 maritis
