<?xml version="1.0" encoding="UTF-8"?>
<!DOCTYPE html PUBLIC "-//W3C//DTD XHTML 1.0 Transitional//EN"
    "http://www.w3.org/TR/xhtml1/DTD/xhtml1-transitional.dtd">
<html xmlns="http://www.w3.org/1999/xhtml" xml:lang="en" lang="en">
 <head>
  <title>
</title>
<meta http-equiv="Content-Type" content="text/html;charset=utf-8" />
  <meta name='ocr-system' content='tesseract 3.04.00' />
  <meta name='ocr-capabilities' content='ocr_page ocr_carea ocr_par ocr_line ocrx_word'/>
</head>
<body>
  <div class='ocr_page' id='page_1' title='image "./ulrichiabhutten02mngoog_0030.png"; bbox 0 0 2632 5086; ppageno 0'>
   <div class='ocr_carea' id='block_1_1' title="bbox 469 729 846 833">
    <p class='ocr_par' dir='ltr' id='par_1_1' title="bbox 469 729 846 833">
     <span class='ocr_line' id='line_1_1' title="bbox 469 729 846 833; baseline -0.013 -27"><span class='ocrx_word' id='word_1_1' title='bbox 469 731 641 806; x_wconf 86' lang='lat' dir='ltr'>Misaulus</span> <span class='ocrx_word' id='word_1_2' title='bbox 664 729 846 833; x_wconf 79' lang='lat' dir='ltr'><strong>Dialogus.</strong></span> 
     </span>
    </p>
   </div>
   <div class='ocr_carea' id='block_1_2' title="bbox 98 923 1209 4066">
    <p class='ocr_par' dir='ltr' id='par_1_2' title="bbox 550 923 759 987">
     <span class='ocr_line' id='line_1_2' title="bbox 550 923 759 987; baseline -0.014 0"><span class='ocrx_word' id='word_1_3' title='bbox 550 923 759 987; x_wconf 87' lang='lat' dir='ltr'>Misaulus.</span> 
     </span>
    </p>

    <p class='ocr_par' dir='ltr' id='par_1_3' title="bbox 155 1021 1162 1309">
     <span class='ocr_line' id='line_1_3' title="bbox 230 1021 1160 1106; baseline -0.011 -14"><span class='ocrx_word' id='word_1_4' title='bbox 230 1027 332 1092; x_wconf 87' lang='lat' dir='ltr'>Officii</span> <span class='ocrx_word' id='word_1_5' title='bbox 348 1046 456 1100; x_wconf 85' lang='lat' dir='ltr'>causa,</span> <span class='ocrx_word' id='word_1_6' title='bbox 478 1024 583 1106; x_wconf 80' lang='lat' dir='ltr'>siquid</span> <span class='ocrx_word' id='word_1_7' title='bbox 601 1021 712 1103; x_wconf 87' lang='lat' dir='ltr'>jubere</span> <span class='ocrx_word' id='word_1_8' title='bbox 730 1021 804 1083; x_wconf 87' lang='lat' dir='ltr'>velit</span> <span class='ocrx_word' id='word_1_9' title='bbox 823 1021 872 1082; x_wconf 90' lang='lat' dir='ltr'>ille</span> <span class='ocrx_word' id='word_1_10' title='bbox 889 1021 1030 1094; x_wconf 56' lang='lat' dir='ltr'>sonet),</span> <span class='ocrx_word' id='word_1_11' title='bbox 1050 1033 1102 1082; x_wconf 79' lang='lat' dir='ltr'>aut</span> <span class='ocrx_word' id='word_1_12' title='bbox 1119 1040 1160 1082; x_wconf 91' lang='lat' dir='ltr'>ne</span> 
     </span>
     <span class='ocr_line' id='line_1_4' title="bbox 155 1119 1162 1213; baseline -0.009 -23"><span class='ocrx_word' id='word_1_13' title='bbox 155 1151 220 1213; x_wconf 92' lang='lat' dir='ltr'>quo</span> <span class='ocrx_word' id='word_1_14' title='bbox 236 1125 443 1190; x_wconf 84' lang='lat' dir='ltr'>incomitatior</span> <span class='ocrx_word' id='word_1_15' title='bbox 460 1134 570 1197; x_wconf 85' lang='lat' dir='ltr'>exeat;</span> <span class='ocrx_word' id='word_1_16' title='bbox 598 1124 677 1185; x_wconf 87' lang='lat' dir='ltr'>adeo</span> <span class='ocrx_word' id='word_1_17' title='bbox 697 1119 886 1183; x_wconf 78' lang='lat' dir='ltr'>mesonma</span> <span class='ocrx_word' id='word_1_18' title='bbox 904 1131 993 1181; x_wconf 84' lang='lat' dir='ltr'>extra</span> <span class='ocrx_word' id='word_1_19' title='bbox 1010 1140 1060 1180; x_wconf 90' lang='lat' dir='ltr'>me</span> <span class='ocrx_word' id='word_1_20' title='bbox 1079 1131 1162 1181; x_wconf 88' lang='lat' dir='ltr'>sunt.</span> 
     </span>
     <span class='ocr_line' id='line_1_5' title="bbox 155 1221 1050 1309; baseline -0.011 -19"><span class='ocrx_word' id='word_1_21' title='bbox 155 1229 225 1309; x_wconf 87' lang='lat' dir='ltr'>lpse</span> <span class='ocrx_word' id='word_1_22' title='bbox 245 1227 284 1289; x_wconf 85' lang='lat' dir='ltr'>ab</span> <span class='ocrx_word' id='word_1_23' title='bbox 304 1224 430 1288; x_wconf 89' lang='lat' dir='ltr'>alterius</span> <span class='ocrx_word' id='word_1_24' title='bbox 447 1234 526 1286; x_wconf 90' lang='lat' dir='ltr'>nutu</span> <span class='ocrx_word' id='word_1_25' title='bbox 539 1223 587 1298; x_wconf 51' lang='grc' dir='ltr'>Μ’)</span> <span class='ocrx_word' id='word_1_26' title='bbox 607 1242 644 1283; x_wconf 89' lang='lat' dir='ltr'>ac</span> <span class='ocrx_word' id='word_1_27' title='bbox 661 1221 792 1302; x_wconf 87' lang='lat' dir='ltr'>imperio</span> <span class='ocrx_word' id='word_1_28' title='bbox 812 1229 897 1282; x_wconf 89' lang='lat' dir='ltr'>totus</span> <span class='ocrx_word' id='word_1_29' title='bbox 915 1221 1050 1299; x_wconf 87' lang='lat' dir='ltr'>pendeo.</span> 
     </span>
    </p>

    <p class='ocr_par' dir='ltr' id='par_1_4' title="bbox 583 1322 734 1397">
     <span class='ocr_line' id='line_1_6' title="bbox 583 1322 734 1397; baseline -0.04 -11"><span class='ocrx_word' id='word_1_30' title='bbox 583 1322 734 1397; x_wconf 78' lang='lat' dir='ltr'>Castus,</span> 
     </span>
    </p>

    <p class='ocr_par' dir='ltr' id='par_1_5' title="bbox 154 1416 1161 1702">
     <span class='ocr_line' id='line_1_7' title="bbox 228 1416 1161 1508; baseline -0.008 -21"><span class='ocrx_word' id='word_1_31' title='bbox 228 1423 335 1508; x_wconf 79' lang='lat' dir='ltr'>Quid?</span> <span class='ocrx_word' id='word_1_32' title='bbox 360 1422 435 1487; x_wconf 90' lang='lat' dir='ltr'>illud</span> <span class='ocrx_word' id='word_1_33' title='bbox 453 1422 614 1504; x_wconf 89' lang='lat' dir='ltr'>pulchrum</span> <span class='ocrx_word' id='word_1_34' title='bbox 633 1440 697 1482; x_wconf 89' lang='lat' dir='ltr'>non</span> <span class='ocrx_word' id='word_1_35' title='bbox 716 1431 778 1494; x_wconf 91' lang='lat' dir='ltr'>est,</span> <span class='ocrx_word' id='word_1_36' title='bbox 805 1418 849 1482; x_wconf 90' lang='lat' dir='ltr'>sic</span> <span class='ocrx_word' id='word_1_37' title='bbox 868 1416 999 1478; x_wconf 81' lang='lat' dir='ltr'>vestiri?</span> <span class='ocrx_word' id='word_1_38' title='bbox 1033 1416 1161 1480; x_wconf 91' lang='lat' dir='ltr'>Summo</span> 
     </span>
     <span class='ocr_line' id='line_1_8' title="bbox 154 1514 1161 1592; baseline -0.009 -5"><span class='ocrx_word' id='word_1_39' title='bbox 154 1547 224 1587; x_wconf 84' lang='lat' dir='ltr'>eum</span> <span class='ocrx_word' id='word_1_40' title='bbox 239 1514 370 1586; x_wconf 63' lang='lat' dir='ltr'>&#39;homine</span> <span class='ocrx_word' id='word_1_41' title='bbox 398 1521 654 1586; x_wconf 80' lang='lat' dir='ltr'><strong>consuetudinem</strong></span> <span class='ocrx_word' id='word_1_42' title='bbox 673 1518 812 1592; x_wconf 80' lang='lat' dir='ltr'>habere?</span> <span class='ocrx_word' id='word_1_43' title='bbox 842 1516 900 1580; x_wconf 88' lang='lat' dir='ltr'>His</span> <span class='ocrx_word' id='word_1_44' title='bbox 919 1516 1161 1581; x_wconf 64' lang='lat' dir='ltr'>immunitat&#39;bus</span> 
     </span>
     <span class='ocr_line' id='line_1_9' title="bbox 154 1608 1103 1702; baseline -0.012 -15"><span class='ocrx_word' id='word_1_45' title='bbox 154 1623 244 1687; x_wconf 85' lang='lat' dir='ltr'>lrui?</span> <span class='ocrx_word' id='word_1_46' title='bbox 269 1625 333 1685; x_wconf 86' lang='lat' dir='ltr'>haec</span> <span class='ocrx_word' id='word_1_47' title='bbox 352 1620 568 1684; x_wconf 81' lang='lat' dir='ltr'>contrectare?</span> <span class='ocrx_word' id='word_1_48' title='bbox 598 1622 658 1682; x_wconf 90' lang='lat' dir='ltr'>huc</span> <span class='ocrx_word' id='word_1_49' title='bbox 678 1616 823 1702; x_wconf 83' lang='lat' dir='ltr'>ingredi?</span> <span class='ocrx_word' id='word_1_50' title='bbox 1094 1608 1103 1617; x_wconf 77' lang='grc'><em>”</em></span> 
     </span>
    </p>

    <p class='ocr_par' dir='ltr' id='par_1_6' title="bbox 456 1706 763 1782">
     <span class='ocr_line' id='line_1_10' title="bbox 456 1706 763 1782; baseline -0.003 0"><span class='ocrx_word' id='word_1_51' title='bbox 456 1768 458 1773; x_wconf 32' lang='lat'><strong>⁴</strong></span> <span class='ocrx_word' id='word_1_52' title='bbox 549 1706 763 1782; x_wconf 87' lang='lat' dir='ltr'>Misaulus.</span> 
     </span>
    </p>

    <p class='ocr_par' dir='ltr' id='par_1_7' title="bbox 98 1814 1209 3875">
     <span class='ocr_line' id='line_1_11' title="bbox 227 1814 1162 1901; baseline -0.011 -15"><span class='ocrx_word' id='word_1_53' title='bbox 227 1821 335 1901; x_wconf 84' lang='lat' dir='ltr'>Quid?</span> <span class='ocrx_word' id='word_1_54' title='bbox 353 1820 433 1883; x_wconf 87' lang='lat' dir='ltr'>Illud</span> <span class='ocrx_word' id='word_1_55' title='bbox 447 1820 588 1882; x_wconf 79' lang='lat' dir='ltr'>deforme</span> <span class='ocrx_word' id='word_1_56' title='bbox 602 1829 742 1893; x_wconf 89' lang='lat' dir='ltr'>nonest,</span> <span class='ocrx_word' id='word_1_57' title='bbox 763 1816 801 1878; x_wconf 86' lang='lat' dir='ltr'>ad</span> <span class='ocrx_word' id='word_1_58' title='bbox 817 1816 950 1879; x_wconf 83' lang='lat' dir='ltr'>subitum</span> <span class='ocrx_word' id='word_1_59' title='bbox 967 1814 1162 1877; x_wconf 81' lang='lat' dir='ltr'>tintinnabuli</span> 
     </span>
     <span class='ocr_line' id='line_1_12' title="bbox 152 1912 1162 2003; baseline -0.002 -24"><span class='ocrx_word' id='word_1_60' title='bbox 152 1922 295 2003; x_wconf 86' lang='lat' dir='ltr'>pulsum,</span> <span class='ocrx_word' id='word_1_61' title='bbox 331 1919 420 1999; x_wconf 83' lang='lat' dir='ltr'>quasi</span> <span class='ocrx_word' id='word_1_62' title='bbox 448 1917 577 1978; x_wconf 74' lang='lat' dir='ltr'>fulmine</span> <span class='ocrx_word' id='word_1_63' title='bbox 604 1916 746 1978; x_wconf 89' lang='lat' dir='ltr'>territum</span> <span class='ocrx_word' id='word_1_64' title='bbox 777 1916 821 1977; x_wconf 92' lang='lat' dir='ltr'>sic</span> <span class='ocrx_word' id='word_1_65' title='bbox 850 1916 982 1978; x_wconf 75' lang='lat' dir='ltr'>exilire?</span> <span class='ocrx_word' id='word_1_66' title='bbox 1021 1912 1162 1996; x_wconf 84' lang='lat' dir='ltr'>Abjectis</span> 
     </span>
     <span class='ocr_line' id='line_1_13' title="bbox 153 2012 1163 2096; baseline -0.005 -16"><span class='ocrx_word' id='word_1_67' title='bbox 153 2017 297 2080; x_wconf 84' lang='lat' dir='ltr'>oumibus</span> <span class='ocrx_word' id='word_1_68' title='bbox 322 2016 360 2078; x_wconf 88' lang='lat' dir='ltr'>ad</span> <span class='ocrx_word' id='word_1_69' title='bbox 382 2014 492 2077; x_wconf 84' lang='lat' dir='ltr'>summi</span> <span class='ocrx_word' id='word_1_70' title='bbox 516 2014 595 2078; x_wconf 93' lang='lat' dir='ltr'>illius</span> <span class='ocrx_word' id='word_1_71' title='bbox 622 2014 707 2076; x_wconf 83' lang='lat' dir='ltr'>iores</span> <span class='ocrx_word' id='word_1_72' title='bbox 730 2012 928 2076; x_wconf 80' lang='lat' dir='ltr'>consistere?</span> <span class='ocrx_word' id='word_1_73' title='bbox 964 2014 1070 2096; x_wconf 86' lang='lat' dir='ltr'>ibique</span> <span class='ocrx_word' id='word_1_74' title='bbox 1096 2034 1163 2075; x_wconf 89' lang='lat' dir='ltr'>non</span> 
     </span>
     <span class='ocr_line' id='line_1_14' title="bbox 106 2113 1209 2197; baseline -0.004 -20"><span class='ocrx_word' id='word_1_75' title='bbox 106 2184 110 2191; x_wconf 54' lang='grc'><strong>,</strong></span> <span class='ocrx_word' id='word_1_76' title='bbox 153 2127 271 2177; x_wconf 83' lang='lat' dir='ltr'>tuntum</span> <span class='ocrx_word' id='word_1_77' title='bbox 290 2117 368 2197; x_wconf 90' lang='lat' dir='ltr'>qnid</span> <span class='ocrx_word' id='word_1_78' title='bbox 386 2115 436 2177; x_wconf 91' lang='lat' dir='ltr'>ille</span> <span class='ocrx_word' id='word_1_79' title='bbox 456 2113 580 2194; x_wconf 82' lang='lat' dir='ltr'>jubeat,</span> <span class='ocrx_word' id='word_1_80' title='bbox 600 2116 655 2177; x_wconf 89' lang='lat' dir='ltr'>sed</span> <span class='ocrx_word' id='word_1_81' title='bbox 675 2126 705 2176; x_wconf 89' lang='lat' dir='ltr'>ct</span> <span class='ocrx_word' id='word_1_82' title='bbox 725 2114 802 2196; x_wconf 92' lang='lat' dir='ltr'>qnid</span> <span class='ocrx_word' id='word_1_83' title='bbox 819 2128 898 2176; x_wconf 89' lang='lat' dir='ltr'>nutu</span> <span class='ocrx_word' id='word_1_84' title='bbox 917 2114 1086 2195; x_wconf 83' lang='lat' dir='ltr'>significet,</span> <span class='ocrx_word' id='word_1_85' title='bbox 1110 2123 1163 2174; x_wconf 87' lang='lat' dir='ltr'>aut</span> <span class='ocrx_word' id='word_1_86' title='bbox 1192 2125 1209 2193; x_wconf 44' lang='lat'>&#39;¹</span> 
     </span>
     <span class='ocr_line' id='line_1_15' title="bbox 152 2212 1164 2305; baseline -0.004 -29"><span class='ocrx_word' id='word_1_87' title='bbox 152 2214 401 2305; x_wconf 85' lang='lat' dir='ltr'>digitocrepet,</span> <span class='ocrx_word' id='word_1_88' title='bbox 430 2213 594 2294; x_wconf 85' lang='lat' dir='ltr'>religiose,</span> <span class='ocrx_word' id='word_1_89' title='bbox 621 2215 710 2275; x_wconf 87' lang='lat' dir='ltr'>et&#39;ad</span> <span class='ocrx_word' id='word_1_90' title='bbox 730 2214 915 2276; x_wconf 81' lang='lat' dir='ltr'>anxietatem</span> <span class='ocrx_word' id='word_1_91' title='bbox 933 2233 1033 2293; x_wconf 89' lang='lat' dir='ltr'>usque</span> <span class='ocrx_word' id='word_1_92' title='bbox 1055 2212 1164 2294; x_wconf 84' lang='lat' dir='ltr'>obser·</span> 
     </span>
     <span class='ocr_line' id='line_1_16' title="bbox 154 2311 1163 2393; baseline -0.004 -18"><span class='ocrx_word' id='word_1_93' title='bbox 154 2313 253 2377; x_wconf 82' lang='lat' dir='ltr'>vare?</span> <span class='ocrx_word' id='word_1_94' title='bbox 289 2315 416 2377; x_wconf 84' lang='lat' dir='ltr'>Nullum</span> <span class='ocrx_word' id='word_1_95' title='bbox 434 2312 547 2374; x_wconf 84' lang='lat' dir='ltr'>habere</span> <span class='ocrx_word' id='word_1_96' title='bbox 572 2311 631 2373; x_wconf 86' lang='lat' dir='ltr'>sibi</span> <span class='ocrx_word' id='word_1_97' title='bbox 655 2323 792 2393; x_wconf 89' lang='lat' dir='ltr'>tempus,</span> <span class='ocrx_word' id='word_1_98' title='bbox 826 2316 943 2374; x_wconf 90' lang='lat' dir='ltr'>nullum</span> <span class='ocrx_word' id='word_1_99' title='bbox 965 2315 1069 2377; x_wconf 85' lang='lat' dir='ltr'>lo&#39;cnm</span> <span class='ocrx_word' id='word_1_100' title='bbox 1089 2332 1163 2391; x_wconf 89' lang='lat' dir='ltr'>pro-</span> 
     </span>
     <span class='ocr_line' id='line_1_17' title="bbox 152 2411 1165 2496; baseline -0.002 -21"><span class='ocrx_word' id='word_1_101' title='bbox 152 2412 282 2494; x_wconf 85' lang='lat' dir='ltr'>prium?</span> <span class='ocrx_word' id='word_1_102' title='bbox 320 2413 424 2473; x_wconf 90' lang='lat' dir='ltr'>omnia</span> <span class='ocrx_word' id='word_1_103' title='bbox 458 2411 629 2492; x_wconf 85' lang='lat' dir='ltr'>precario?</span> <span class='ocrx_word' id='word_1_104' title='bbox 660 2413 764 2473; x_wconf 81' lang='lat' dir='ltr'>¹aliena</span> <span class='ocrx_word' id='word_1_105' title='bbox 797 2414 906 2476; x_wconf 83' lang='lat' dir='ltr'>vivere</span> <span class='ocrx_word' id='word_1_106' title='bbox 944 2411 1086 2496; x_wconf 83' lang='lat' dir='ltr'>quadra?</span> <span class='ocrx_word' id='word_1_107' title='bbox 1123 2414 1165 2473; x_wconf 83' lang='lat' dir='ltr'>ad</span> 
     </span>
     <span class='ocr_line' id='line_1_18' title="bbox 153 2511 1163 2594; baseline 0.001 -20"><span class='ocrx_word' id='word_1_108' title='bbox 153 2534 276 2576; x_wconf 88' lang='lat' dir='ltr'>omnem</span> <span class='ocrx_word' id='word_1_109' title='bbox 292 2511 442 2594; x_wconf 89' lang='lat' dir='ltr'>principis</span> <span class='ocrx_word' id='word_1_110' title='bbox 458 2531 621 2573; x_wconf 86' lang='lat' dir='ltr'>occursum</span> <span class='ocrx_word' id='word_1_111' title='bbox 637 2515 770 2591; x_wconf 88' lang='lat' dir='ltr'>pallere,</span> <span class='ocrx_word' id='word_1_112' title='bbox 793 2514 996 2587; x_wconf 87' lang='lat' dir='ltr'>erubescere,</span> <span class='ocrx_word' id='word_1_113' title='bbox 1015 2511 1163 2594; x_wconf 81' lang='lat' dir='ltr'>fugitare.</span> 
     </span>
     <span class='ocr_line' id='line_1_19' title="bbox 152 2609 1164 2693; baseline -0.002 -20"><span class='ocrx_word' id='word_1_114' title='bbox 152 2614 226 2673; x_wconf 89' lang='lat' dir='ltr'>Non</span> <span class='ocrx_word' id='word_1_115' title='bbox 245 2632 406 2693; x_wconf 90' lang='lat' dir='ltr'>nunquam</span> <span class='ocrx_word' id='word_1_116' title='bbox 420 2611 549 2685; x_wconf 88' lang='lat' dir='ltr'>timere,</span> <span class='ocrx_word' id='word_1_117' title='bbox 570 2630 606 2671; x_wconf 87' lang='lat' dir='ltr'>ae</span> <span class='ocrx_word' id='word_1_118' title='bbox 620 2609 856 2692; x_wconf 83' lang='lat' dir='ltr'>obstupescere,</span> <span class='ocrx_word' id='word_1_119' title='bbox 878 2624 942 2673; x_wconf 90' lang='lat' dir='ltr'>tum</span> <span class='ocrx_word' id='word_1_120' title='bbox 957 2613 1050 2673; x_wconf 86' lang='lat' dir='ltr'>multa</span> <span class='ocrx_word' id='word_1_121' title='bbox 1069 2609 1164 2671; x_wconf 88' lang='lat' dir='ltr'>simu·</span> 
     </span>
     <span class='ocr_line' id='line_1_20' title="bbox 152 2710 1164 2790; baseline 0.001 -20"><span class='ocrx_word' id='word_1_122' title='bbox 152 2713 233 2784; x_wconf 86' lang='lat' dir='ltr'>lare,</span> <span class='ocrx_word' id='word_1_123' title='bbox 254 2731 289 2770; x_wconf 90' lang='lat' dir='ltr'>ac</span> <span class='ocrx_word' id='word_1_124' title='bbox 308 2710 524 2773; x_wconf 79' lang='lat' dir='ltr'>dissimulare?</span> <span class='ocrx_word' id='word_1_125' title='bbox 561 2710 670 2772; x_wconf 75' lang='lat' dir='ltr'>&#39;l&#39;oties</span> <span class='ocrx_word' id='word_1_126' title='bbox 692 2732 795 2790; x_wconf 85' lang='lat' dir='ltr'>genua</span> <span class='ocrx_word' id='word_1_127' title='bbox 820 2711 994 2785; x_wconf 84' lang='lat' dir='ltr'>inflectere,</span> <span class='ocrx_word' id='word_1_128' title='bbox 1015 2710 1164 2788; x_wconf 83' lang='lat' dir='ltr'>tantisper</span> 
     </span>
     <span class='ocr_line' id='line_1_21' title="bbox 152 2808 1164 2890; baseline 0.003 -20"><span class='ocrx_word' id='word_1_129' title='bbox 152 2808 239 2870; x_wconf 90' lang='lat' dir='ltr'>nudo</span> <span class='ocrx_word' id='word_1_130' title='bbox 267 2831 335 2873; x_wconf 87' lang='lat' dir='ltr'>esse</span> <span class='ocrx_word' id='word_1_131' title='bbox 361 2809 501 2871; x_wconf 87' lang='lat' dir='ltr'>vertice?</span> <span class='ocrx_word' id='word_1_132' title='bbox 538 2811 641 2871; x_wconf 86' lang='lat' dir='ltr'>omnia</span> <span class='ocrx_word' id='word_1_133' title='bbox 659 2811 825 2885; x_wconf 79' lang='lat' dir='ltr'>serviliter,</span> <span class='ocrx_word' id='word_1_134' title='bbox 860 2810 962 2874; x_wconf 83' lang='lat' dir='ltr'>onmia</span> <span class='ocrx_word' id='word_1_135' title='bbox 982 2811 1164 2890; x_wconf 87' lang='lat' dir='ltr'>suppliciter</span> 
     </span>
     <span class='ocr_line' id='line_1_22' title="bbox 153 2908 1163 2992; baseline 0.001 -22"><span class='ocrx_word' id='word_1_136' title='bbox 153 2929 265 2992; x_wconf 85' lang='lat' dir='ltr'>agere,</span> <span class='ocrx_word' id='word_1_137' title='bbox 294 2930 455 2992; x_wconf 89' lang='lat' dir='ltr'>nunquam</span> <span class='ocrx_word' id='word_1_138' title='bbox 479 2909 525 2973; x_wconf 89' lang='lat' dir='ltr'>tui</span> <span class='ocrx_word' id='word_1_139' title='bbox 550 2908 628 2989; x_wconf 88' lang='lat' dir='ltr'>juris</span> <span class='ocrx_word' id='word_1_140' title='bbox 655 2909 750 2971; x_wconf 82' lang='lat' dir='ltr'>esse?</span> <span class='ocrx_word' id='word_1_141' title='bbox 780 2909 899 2992; x_wconf 85' lang='lat' dir='ltr'>magnis</span> <span class='ocrx_word' id='word_1_142' title='bbox 919 2910 974 2970; x_wconf 91' lang='lat' dir='ltr'>diu</span> <span class='ocrx_word' id='word_1_143' title='bbox 993 2910 1163 2984; x_wconf 87' lang='lat' dir='ltr'>laboribus,</span> 
     </span>
     <span class='ocr_line' id='line_1_23' title="bbox 151 3007 1164 3092; baseline -0.004 -20"><span class='ocrx_word' id='word_1_144' title='bbox 151 3009 254 3072; x_wconf 91' lang='lat' dir='ltr'>multis</span> <span class='ocrx_word' id='word_1_145' title='bbox 274 3008 403 3092; x_wconf 82' lang='lat' dir='ltr'>vigiliis,</span> <span class='ocrx_word' id='word_1_146' title='bbox 425 3009 569 3071; x_wconf 84' lang='lat' dir='ltr'>favorem</span> <span class='ocrx_word' id='word_1_147' title='bbox 585 3008 718 3073; x_wconf 91' lang='lat' dir='ltr'>hominis</span> <span class='ocrx_word' id='word_1_148' title='bbox 734 3008 884 3088; x_wconf 80' lang='lat' dir='ltr'>captare?</span> <span class='ocrx_word' id='word_1_149' title='bbox 921 3007 1089 3070; x_wconf 85' lang='lat' dir='ltr'>observare</span> <span class='ocrx_word' id='word_1_150' title='bbox 1107 3030 1164 3069; x_wconf 86' lang='lat' dir='ltr'>ne·</span> 
     </span>
     <span class='ocr_line' id='line_1_24' title="bbox 98 3107 1163 3192; baseline 0 -24"><span class='ocrx_word' id='word_1_151' title='bbox 98 3145 101 3151; x_wconf 57' lang='lat'>2</span> <span class='ocrx_word' id='word_1_152' title='bbox 153 3107 230 3191; x_wconf 88' lang='lat' dir='ltr'>quid</span> <span class='ocrx_word' id='word_1_153' title='bbox 249 3109 352 3184; x_wconf 85' lang='lat' dir='ltr'>dicas,</span> <span class='ocrx_word' id='word_1_154' title='bbox 374 3110 462 3192; x_wconf 89' lang='lat' dir='ltr'>quod</span> <span class='ocrx_word' id='word_1_155' title='bbox 476 3109 525 3172; x_wconf 91' lang='lat' dir='ltr'>ille</span> <span class='ocrx_word' id='word_1_156' title='bbox 542 3109 729 3190; x_wconf 86' lang='lat' dir='ltr'>probaturus</span> <span class='ocrx_word' id='word_1_157' title='bbox 748 3108 889 3185; x_wconf 85' lang='lat' dir='ltr'>nonsit,</span> <span class='ocrx_word' id='word_1_158' title='bbox 908 3109 1023 3171; x_wconf 88' lang='lat' dir='ltr'>nedum</span> <span class='ocrx_word' id='word_1_159' title='bbox 1043 3108 1163 3190; x_wconf 81' lang='lat' dir='ltr'>nequid</span> 
     </span>
     <span class='ocr_line' id='line_1_25' title="bbox 150 3192 1163 3288; baseline 0.003 -21"><span class='ocrx_word' id='word_1_160' title='bbox 150 3192 448 3287; x_wconf 61' lang='lat' dir='ltr'>lacioslperpetua</span> <span class='ocrx_word' id='word_1_161' title='bbox 467 3229 538 3271; x_wconf 90' lang='lat' dir='ltr'>cum</span> <span class='ocrx_word' id='word_1_162' title='bbox 555 3207 681 3288; x_wconf 84' lang='lat' dir='ltr'>paribus</span> <span class='ocrx_word' id='word_1_163' title='bbox 701 3206 816 3269; x_wconf 89' lang='lat' dir='ltr'>invidia</span> <span class='ocrx_word' id='word_1_164' title='bbox 834 3208 1020 3281; x_wconf 77' lang='lat' dir='ltr'>conflictari3</span> <span class='ocrx_word' id='word_1_165' title='bbox 1040 3208 1163 3271; x_wconf 85' lang='lat' dir='ltr'>laudem</span> 
     </span>
     <span class='ocr_line' id='line_1_26' title="bbox 152 3303 1163 3388; baseline 0.001 -21"><span class='ocrx_word' id='word_1_166' title='bbox 152 3303 268 3384; x_wconf 87' lang='lat' dir='ltr'>pariter</span> <span class='ocrx_word' id='word_1_167' title='bbox 293 3328 328 3369; x_wconf 90' lang='lat' dir='ltr'>ac</span> <span class='ocrx_word' id='word_1_168' title='bbox 358 3307 618 3388; x_wconf 85' lang='lat' dir='ltr'>vituperationem</span> <span class='ocrx_word' id='word_1_169' title='bbox 647 3307 776 3388; x_wconf 81' lang='lat' dir='ltr'>indigno</span> <span class='ocrx_word' id='word_1_170' title='bbox 808 3308 879 3370; x_wconf 91' lang='lat' dir='ltr'>loco</span> <span class='ocrx_word' id='word_1_171' title='bbox 909 3327 1050 3386; x_wconf 89' lang='lat' dir='ltr'>ponere;</span> <span class='ocrx_word' id='word_1_172' title='bbox 1085 3305 1163 3368; x_wconf 88' lang='lat' dir='ltr'>nihil</span> 
     </span>
     <span class='ocr_line' id='line_1_27' title="bbox 152 3402 1162 3490; baseline 0.001 -23"><span class='ocrx_word' id='word_1_173' title='bbox 152 3405 258 3469; x_wconf 86' lang='lat' dir='ltr'>dicere</span> <span class='ocrx_word' id='word_1_174' title='bbox 291 3406 379 3489; x_wconf 90' lang='lat' dir='ltr'>quod</span> <span class='ocrx_word' id='word_1_175' title='bbox 411 3407 546 3479; x_wconf 86' lang='lat' dir='ltr'>sentias,</span> <span class='ocrx_word' id='word_1_176' title='bbox 589 3402 647 3466; x_wconf 82' lang='lat' dir='ltr'>sed</span> <span class='ocrx_word' id='word_1_177' title='bbox 677 3410 765 3490; x_wconf 90' lang='lat' dir='ltr'>quod</span> <span class='ocrx_word' id='word_1_178' title='bbox 795 3406 984 3480; x_wconf 87' lang='lat' dir='ltr'>conveniat;</span> <span class='ocrx_word' id='word_1_179' title='bbox 1031 3406 1162 3487; x_wconf 86' lang='lat' dir='ltr'>plurima</span> 
     </span>
     <span class='ocr_line' id='line_1_28' title="bbox 152 3505 1160 3586; baseline -0.002 -19"><span class='ocrx_word' id='word_1_180' title='bbox 152 3505 293 3579; x_wconf 88' lang='lat' dir='ltr'>debere,</span> <span class='ocrx_word' id='word_1_181' title='bbox 333 3505 464 3584; x_wconf 89' lang='lat' dir='ltr'>plurima</span> <span class='ocrx_word' id='word_1_182' title='bbox 489 3515 614 3586; x_wconf 86' lang='lat' dir='ltr'>accepta</span> <span class='ocrx_word' id='word_1_183' title='bbox 638 3506 778 3583; x_wconf 84' lang='lat' dir='ltr'>referre,</span> <span class='ocrx_word' id='word_1_184' title='bbox 818 3506 987 3581; x_wconf 87' lang='lat' dir='ltr'>assentari,</span> <span class='ocrx_word' id='word_1_185' title='bbox 1027 3506 1160 3580; x_wconf 87' lang='lat' dir='ltr'>adulari,</span> 
     </span>
     <span class='ocr_line' id='line_1_29' title="bbox 153 3594 1162 3688; baseline 0.003 -23"><span class='ocrx_word' id='word_1_186' title='bbox 153 3603 254 3683; x_wconf 89' lang='lat' dir='ltr'>ipsum</span> <span class='ocrx_word' id='word_1_187' title='bbox 287 3617 318 3664; x_wconf 91' lang='lat' dir='ltr'>te</span> <span class='ocrx_word' id='word_1_188' title='bbox 354 3604 539 3688; x_wconf 84' lang='lat' dir='ltr'>negligere,</span> <span class='ocrx_word' id='word_1_189' title='bbox 586 3605 689 3667; x_wconf 88' lang='lat' dir='ltr'>omnia</span> <span class='ocrx_word' id='word_1_190' title='bbox 726 3594 850 3667; x_wconf 82' lang='lat' dir='ltr'>alterius</span> <span class='ocrx_word' id='word_1_191' title='bbox 883 3600 964 3667; x_wconf 81' lang='lat' dir='ltr'>c&#39;urae</span> <span class='ocrx_word' id='word_1_192' title='bbox 992 3606 1162 3687; x_wconf 73' lang='lat' dir='ltr'>municipatu</span> 
     </span>
     <span class='ocr_line' id='line_1_30' title="bbox 152 3703 1161 3787; baseline 0.001 -21"><span class='ocrx_word' id='word_1_193' title='bbox 152 3703 285 3778; x_wconf 88' lang='lat' dir='ltr'>babere,</span> <span class='ocrx_word' id='word_1_194' title='bbox 316 3703 444 3784; x_wconf 77' lang='lat' dir='ltr'>indigna</span> <span class='ocrx_word' id='word_1_195' title='bbox 462 3705 557 3766; x_wconf 90' lang='lat' dir='ltr'>multa</span> <span class='ocrx_word' id='word_1_196' title='bbox 575 3704 700 3780; x_wconf 84' lang='lat' dir='ltr'>lacere,</span> <span class='ocrx_word' id='word_1_197' title='bbox 730 3708 823 3767; x_wconf 83' lang='lat' dir='ltr'>multa</span> <span class='ocrx_word' id='word_1_198' title='bbox 842 3705 920 3787; x_wconf 87' lang='lat' dir='ltr'>pati,</span> <span class='ocrx_word' id='word_1_199' title='bbox 948 3727 1027 3786; x_wconf 83' lang='lat' dir='ltr'>saepe</span> <span class='ocrx_word' id='word_1_200' title='bbox 1054 3717 1161 3767; x_wconf 80' lang='lat' dir='ltr'>contra</span> 
     </span>
     <span class='ocr_line' id='line_1_31' title="bbox 151 3803 670 3875; baseline 0.002 -11"><span class='ocrx_word' id='word_1_201' title='bbox 151 3813 293 3866; x_wconf 88' lang='lat' dir='ltr'>naturam</span> <span class='ocrx_word' id='word_1_202' title='bbox 311 3803 509 3865; x_wconf 77' lang='lat' dir='ltr'>conformare</span> <span class='ocrx_word' id='word_1_203' title='bbox 529 3815 559 3864; x_wconf 88' lang='lat' dir='ltr'>te</span> <span class='ocrx_word' id='word_1_204' title='bbox 579 3805 670 3875; x_wconf 83' lang='lat' dir='ltr'>aliis?</span> 
     </span>
    </p>

    <p class='ocr_par' dir='ltr' id='par_1_8' title="bbox 582 3901 734 3966">
     <span class='ocr_line' id='line_1_32' title="bbox 582 3901 734 3966; baseline 0.013 -2"><span class='ocrx_word' id='word_1_205' title='bbox 582 3901 734 3966; x_wconf 86' lang='lat' dir='ltr'>Castus.</span> 
     </span>
    </p>

    <p class='ocr_par' dir='ltr' id='par_1_9' title="bbox 227 3997 738 4066">
     <span class='ocr_line' id='line_1_33' title="bbox 227 3997 738 4066; baseline 0.004 -5"><span class='ocrx_word' id='word_1_206' title='bbox 227 4001 319 4063; x_wconf 90' lang='lat' dir='ltr'>Mare</span> <span class='ocrx_word' id='word_1_207' title='bbox 336 3997 487 4064; x_wconf 81' lang='lat' dir='ltr'>malorum</span> <span class='ocrx_word' id='word_1_208' title='bbox 506 4022 738 4066; x_wconf 84' lang='lat' dir='ltr'>commemoras.</span> 
     </span>
    </p>
   </div>
   <div class='ocr_carea' id='block_1_3' title="bbox 154 4138 318 4159">
    <p class='ocr_par' dir='ltr' id='par_1_10' title="bbox 154 4138 318 4159">
     <span class='ocr_line' id='line_1_34' title="bbox 154 4138 318 4159; baseline 0.012 -7"><span class='ocrx_word' id='word_1_209' title='bbox 154 4138 318 4159; x_wconf 52' lang='grc' dir='ltr'>-η-</span> 
     </span>
    </p>
   </div>
   <div class='ocr_carea' id='block_1_4' title="bbox 168 4218 1024 4374">
    <p class='ocr_par' dir='ltr' id='par_1_11' title="bbox 168 4218 1024 4374">
     <span class='ocr_line' id='line_1_35' title="bbox 188 4218 1024 4290; baseline 0.008 -18"><span class='ocrx_word' id='word_1_210' title='bbox 188 4218 217 4284; x_wconf 68' lang='lat'>⁴)</span> <span class='ocrx_word' id='word_1_211' title='bbox 235 4229 258 4272; x_wconf 78' lang='lat' dir='ltr'>sl</span> <span class='ocrx_word' id='word_1_212' title='bbox 276 4231 333 4284; x_wconf 68' lang='lat' dir='ltr'>pald</span> <span class='ocrx_word' id='word_1_213' title='bbox 350 4229 434 4281; x_wconf 63' lang='lat' dir='ltr'>tubera</span> <span class='ocrx_word' id='word_1_214' title='bbox 454 4232 514 4277; x_wconf 74' lang='lat' dir='ltr'>velle</span> <span class='ocrx_word' id='word_1_215' title='bbox 531 4232 574 4276; x_wconf 78' lang='lat' dir='ltr'>tlte</span> <span class='ocrx_word' id='word_1_216' title='bbox 587 4230 675 4280; x_wconf 80' lang='lat' dir='ltr'>sorte:</span> <span class='ocrx_word' id='word_1_217' title='bbox 707 4233 760 4277; x_wconf 84' lang='lat' dir='ltr'>dum</span> <span class='ocrx_word' id='word_1_218' title='bbox 777 4233 862 4290; x_wconf 74' lang='lat' dir='ltr'>aliquid</span> <span class='ocrx_word' id='word_1_219' title='bbox 880 4233 920 4279; x_wconf 83' lang='lat' dir='ltr'>ille</span> <span class='ocrx_word' id='word_1_220' title='bbox 935 4233 1024 4286; x_wconf 71' lang='lat' dir='ltr'>loheel.</span> 
     </span>
     <span class='ocr_line' id='line_1_36' title="bbox 168 4300 408 4374; baseline -0.008 -19"><span class='ocrx_word' id='word_1_221' title='bbox 168 4300 215 4374; x_wconf 69' lang='lat'>⁸⁸)</span> <span class='ocrx_word' id='word_1_222' title='bbox 232 4320 293 4356; x_wconf 78' lang='lat' dir='ltr'>nutu</span> <span class='ocrx_word' id='word_1_223' title='bbox 303 4327 312 4358; x_wconf 91' lang='grc'>.·</span> <span class='ocrx_word' id='word_1_224' title='bbox 334 4313 408 4364; x_wconf 72' lang='lat' dir='ltr'>jussu.</span> 
     </span>
    </p>
   </div>
   <div class='ocr_carea' id='block_1_5' title="bbox 0 0 1320 5086">
    <p class='ocr_par' dir='ltr' id='par_1_12' title="bbox 0 0 1320 5086">
     <span class='ocr_line' id='line_1_37' title="bbox 0 0 1320 5086; baseline 0 0"><span class='ocrx_word' id='word_1_225' title='bbox 0 0 1320 5086; x_wconf 95' lang='lat' dir='ltr'> </span> 
     </span>
    </p>
   </div>
  </div>
 </body>
</html>
