2632 5086
229 824 296 893 182
650 809 829 907 Apologia

225 1007 319 1070 etiam
345 1004 463 1089 magis,
495 1002 585 1088 quod
610 1000 712 1065 rideri
734 1002 879 1063 dolorem
897 999 1011 1063 iecisse
1032 1022 1100 1062 non
1122 1001 1192 1074 vis,
1226 1012 1259 1061 ct

225 1106 312 1170 illum
332 1106 513 1189 praetendis,
533 1124 648 1184 magno
669 1102 844 1184 prudentia
861 1113 922 1163 tua.
942 1112 1147 1184 argumento,
1173 1100 1259 1182 peri·

226 1206 289 1269 culi
322 1229 340 1267 a
371 1209 523 1284 Tyranno
555 1216 682 1267 metum.
737 1203 874 1265 Nolebas
906 1201 991 1264 eninr
1022 1201 1056 1265 in
1086 1200 1258 1264 discrimen

227 1306 343 1369 adduci
374 1306 494 1367 affinem
526 1324 632 1366 meum
664 1302 865 1385 episcopum,
902 1314 933 1365 et
962 1303 1083 1382 nequid
1112 1323 1153 1363 ex
1184 1325 1258 1365 meo

226 1408 310 1474 libro
327 1419 409 1469 esset
426 1405 467 1468 illi
485 1403 692 1479 incommodi,
714 1403 746 1465 id
764 1403 974 1484 praecavebas.
1007 1405 1082 1465 Non
1096 1403 1258 1484 improbo,

228 1507 255 1571 si
272 1510 333 1569 hoc
351 1506 427 1587 agis.
467 1508 509 1568 At
526 1505 599 1566 vidc
615 1524 681 1588 quo
699 1503 853 1577 adducas,
878 1502 956 1587 quid
976 1523 1098 1565 caveas.
1132 1503 1260 1566 Scilicet

228 1628 317 1671 meus
346 1606 425 1669 liber
449 1605 476 1668 si
502 1604 654 1668 habeatur
679 1604 776 1666 istic?
808 1603 984 1685 periculum
1009 1603 1101 1666 vobis
1127 1612 1198 1679 est,
1227 1616 1257 1665 et

229 1709 320 1791 quod
351 1727 413 1786 ego
445 1705 618 1789 delinquo,
658 1705 697 1766 ab
724 1704 789 1767 aliis
817 1705 1130 1767 animadvertendum
1159 1706 1258 1768 venit.

229 1810 327 1871 Esto!
348 1818 378 1869 at
392 1806 465 1867 vide
480 1807 558 1889 quid
575 1805 768 1889 adsequaris.
808 1805 990 1867 Periculum
1005 1816 1053 1866 est
1069 1805 1126 1867 ubi
1139 1808 1259 1869 scelera

228 1907 533 1988 wurtenbergensis
559 1909 729 1987 leguntur,
769 1906 984 1987 undecunque
1012 1906 1122 1980 missa,
1161 1917 1216 1968 aut
1242 1929 1259 1969 a

230 2030 427 2092 quocunque
453 2007 485 2067 in
512 2001 615 2067 litenis
640 2008 735 2066 relata
761 2026 798 2066 ea
822 2004 958 2081 luerint,
992 2004 1018 2066 si
1037 2006 1163 2085 publica
1183 2028 1260 2069 con-

228 2108 456 2170 foederatorum
468 2126 561 2167 causa
573 2105 796 2187 impugnetur,
817 2116 919 2167 metus
935 2127 1001 2167 non
1017 2117 1080 2182 est,
1100 2128 1141 2168 ne
1158 2129 1200 2169 ex
1213 2118 1261 2169 tot

229 2207 445 2291 principibus,
460 2218 506 2266 tot
519 2228 626 2268 rerum
640 2206 834 2288 publicarum
847 2209 1043 2284 rectoribus,
1057 2218 1106 2268 tot
1120 2206 1259 2272 fortibus

230 2309 330 2385 viris,
371 2309 635 2389 expostulandum
667 2310 728 2369 hoc
757 2308 869 2392 aliquis
903 2309 1068 2370 vobiscum
1102 2306 1259 2389 suscipiat.

230 2396 302 2473 Nisi
320 2430 385 2470 nou
406 2407 584 2489 intelligunt
603 2407 765 2483 homines,
795 2408 863 2470 utri·
881 2408 988 2471 faveat
1011 2407 1108 2487 parti,
1140 2409 1197 2491 qui
1218 2409 1260 2469 ob

233 2531 303 2593 quae
324 2509 376 2572 isti
396 2529 488 2591 poena
507 2507 680 2588 infligitur,
706 2528 742 2568 ca
762 2507 795 2569 in
816 2508 898 2570 fama
917 2531 986 2570 esse
1005 2519 1107 2583 uetat,
1136 2522 1260 2571 etcum

231 2610 320 2671 illum
346 2608 438 2671 irasci
466 2608 558 2670 vobis
587 2607 695 2686 opinio
723 2609 779 2685 sit,
818 2609 948 2671 crimina
976 2609 1003 2670 si
1031 2611 1259 2689 permrlgentur

231 2707 303 2770 istic
323 2729 397 2783 sua,
426 2705 561 2789 periculi
581 2708 719 2788 suspicio
738 2728 805 2769 non
823 2711 874 2785 fir,
904 2709 1020 2792 siqua·
1042 2709 1258 2792 sentiuntqui

232 2806 336 2890 ipsum
353 2807 505 2888 puniunt,
522 2808 747 2887 explodantur.
786 2810 894 2869 Metus
912 2810 951 2870 ab
964 2830 1005 2870 eo
1023 2821 1086 2884 est,
1107 2810 1148 2870 de
1168 2807 1258 2889 eujus

233 2908 406 2972 sceleribus
422 2907 464 2973 ita
480 2908 659 2990 cognitum,
678 2910 719 2971 ita
736 2908 907 2989 judicatum
923 2922 986 2985 cst,
1007 2921 1042 2972 ut
1060 2911 1177 2972 veteris
1200 2909 1261 2987 jam

231 3008 321 3072 tama
348 3009 467 3089 pudeat
489 3009 588 3091 magis
617 3031 711 3092 quam
740 3011 860 3092 pigeat,
894 3010 990 3071 abiis
1012 3032 1078 3071 non
1103 3021 1172 3085 est,
1206 3008 1262 3093 qui

233 3110 344 3184 armis,
366 3111 397 3171 vi
407 3140 421 3184 ,-
435 3132 471 3173 ac
485 3110 602 3173 virtute
618 3095 798 3190 superiores
814 3132 885 3173 cum
901 3112 978 3186 sint,
998 3132 1118 3191 ponam
1136 3128 1262 3175 sumere

232 3211 274 3273 dc
293 3211 547 3273 malefactoribus
571 3211 808 3291 aggrediuntur.
850 3210 957 3274 Times
981 3210 1151 3274 semil'r'acti
1172 3209 1262 3286 iram,

233 3310 519 3373 valentissimorum
537 3311 700 3373 bominum
718 3310 901 3391 dignitatem
918 3332 984 3373 non
997 3311 1129 3373 vereris.
1158 3307 1262 3373 Cares

233 3430 275 3472 nc
295 3410 413 3473 invidia
432 3411 473 3473 sit
492 3411 538 3487 ei,
571 3408 663 3491 cujus
689 3410 765 3472 odio
786 3412 934 3476 universa
954 3422 1061 3472 aestuat
1082 3409 1261 3484 Germania,

233 3512 296 3573 boc
314 3531 380 3572 non
400 3533 492 3574 caves
511 3510 632 3594 nequid
652 3511 845 3573 invidiosum
864 3513 1043 3573 admittatur
1060 3512 1093 3574 in
1110 3530 1185 3589 cos,
1207 3509 1263 3594 qui

235 3621 267 3671 et
283 3614 409 3687 volunt,
432 3625 463 3674 et
478 3624 626 3694 possunt,
648 3623 679 3671 et
699 3610 816 3672 debent
833 3612 943 3675 ulcisci
962 3612 1127 3695 injuriam,
1146 3612 1262 3693 punire

234 3711 489 3792 improbitatem,
530 3711 651 3775 amoliri
687 3713 839 3775 scelerum
875 3725 1013 3777 autores.
1067 3714 1120 3777 Tu
1147 3734 1181 3775 es
1212 3714 1264 3776 ille

235 3824 363 3888 autern,
402 3813 454 3875 cui
494 3812 661 3874 criminosa
690 3811 804 3891 scripta
834 3835 900 3875 non
930 3813 1081 3895 placent?
1119 3815 1160 3876 Ar
1192 3835 1265 3875 eum

234 3912 371 3988 librum,
405 3935 500 3995 quem
530 3913 562 3972 in
595 3911 798 3975 clarissimum
826 3915 1020 3995 principem,
1056 3913 1264 3976 fortissimum

236 4012 350 4077 ducem
369 4012 572 4078 Wilhelmum
593 4014 751 4073 Baracum
770 4013 857 4076 Deus
886 4014 944 4077 iste
970 4027 1042 4078 tuus
1064 4036 1167 4094 nuper
1188 4014 1264 4076 emi·

236 4123 337 4187 serat,
357 4133 415 4174 cur
432 4133 542 4194 passus
558 4122 606 4174 est
624 4112 731 4175 haberi
749 4113 781 4174 in
796 4115 939 4177 manibus
956 4115 1050 4177 istic?
1076 4115 1163 4196 Quid
1184 4116 1264 4178 adeo

236 4210 352 4291 cupide
374 4212 479 4293 legisti
507 4211 594 4291 ipse,
635 4224 666 4272 et
690 4215 860 4295 legendum
886 4215 951 4277 aliis
979 4215 1120 4277 dedisti?
1156 4217 1200 4279 Ut
1226 4217 1265 4277 ad

236 4321 326 4373 tuum
345 4312 442 4392 igitur
462 4323 579 4374 metum
601 4313 746 4389 redeam,
768 4315 965 4394 periculose
988 4316 1179 4391 offenditur,
1209 4315 1265 4400 qui

237 4411 280 4473 ob
294 4412 463 4476 admissum
480 4412 620 4477 dedecus
639 4412 678 4476 ab
695 4415 802 4479 amicis
824 4415 917 4479 etiam
937 4429 969 4480 et
987 4414 1179 4501 propinquis
1199 4417 1263 4479 suis
