2632 5086
527 743 702 842 Epistola
825 752 828 759 '
878 804 881 809 .
1059 754 1131 831 209

100 937 236 1016 incedit,
255 936 290 1003 id
308 936 398 1022 qnod
416 935 459 999 illi
478 955 544 999 non
564 936 677 1000 accidit
694 945 822 1014 namra,
844 936 902 1001 sed
914 936 1130 1030 assuetudine,

101 1041 206 1125 qtralia
223 1039 376 1122 permulta
395 1038 489 1102 nobis
510 1038 614 1100 solent
633 1039 802 1103 adhaerere.
848 1040 885 1100 ln
907 1041 1032 1123 reliquo
1057 1060 1132 1105 cor·

102 1165 182 1225 pore
204 1143 280 1204 nihil
306 1141 468 1224 estquod
494 1139 651 1216 offendat,
681 1160 791 1204 manus
814 1151 918 1203 tamen
945 1139 1130 1205 subrustico

100 1256 199 1308 suntz
234 1244 276 1305 ita
304 1244 476 1318 duntaxat,
510 1241 537 1305 si
566 1242 606 1303 ad
631 1239 785 1324 reliquam
814 1241 960 1321 corporis
990 1241 1131 1322 speciem
1173 1253 1175 1256 ‘
1262 1231 1264 1234 ’

100 1345 320 1415 conferantur.
377 1343 450 1425 lpse
483 1328 623 1407 omnium
653 1364 723 1425 quse
763 1343 803 1404 ad
836 1341 981 1425 corporis
1011 1345 1129 1406 cultum

100 1445 249 1519 attinent,
271 1465 396 1527 semper
417 1466 435 1507 a
454 1465 556 1526 puero
578 1443 865 1529 negligentissimus
883 1445 962 1522 luit,
990 1445 1072 1508 adeo
1093 1455 1130 1511 ul

100 1568 160 1609 nec
181 1547 231 1608 illa
251 1567 445 1628 magnopere
461 1567 572 1610 curare
588 1545 629 1607 sit
643 1546 771 1621 solitus,
792 1568 862 1630 quae
878 1549 946 1609 sola
960 1547 1038 1611 viris
1057 1566 1128 1611 esse

103 1647 241 1709 curanda
270 1647 365 1710 docet
398 1656 540 1713 Ouidius.
597 1646 721 1710 Formas
752 1659 900 1710 venustas
931 1671 1000 1731 quae
1031 1646 1129 1712 luerit

103 1748 294 1811 adolescenti
309 1766 396 1810 rrunc
417 1748 512 1811 etiam
534 1747 607 1809 licet
626 1755 659 1811 le
672 1756 719 1818 τῆς
736 1750 868 1817 καλάμης
889 1780 924 1793 ·-
944 1748 1127 1828 conjicere:

103 1869 282 1933 quanquam
312 1848 380 1932 ipse
418 1848 496 1912 novi
533 1849 713 1928 hominem,
753 1870 820 1912 non
855 1848 1008 1930 majorem
1039 1847 1128 1911 annis

104 1949 216 2031 viginti
236 1949 362 2026 tribus,
396 1970 468 2014 nam
493 1970 579 2012 nunc
602 1972 668 2014 non
687 1932 817 2014 mudum
837 1949 973 2015 excessit
993 1949 1129 2035 quadra·

102 2050 266 2133 gesimam.
314 2049 475 2113 Valetudo
507 2071 661 2134 prospera
693 2051 819 2135 magis,
853 2072 947 2135 quam
985 2050 1128 2130 robusta,

101 2151 156 2214 scd
175 2162 281 2214 tamen
308 2174 377 2235 quae
405 2151 605 2235 quantislibet
630 2152 790 2219 laboribus
810 2141 957 2228 sufficiat,
990 2154 1127 2219 honesto

101 2252 169 2315 cive
189 2251 313 2332 dignis,
335 2252 427 2316 nullis
441 2263 495 2315 aut
514 2265 599 2317 certe
618 2252 813 2336 paucissimis
826 2253 946 2316 morbis
966 2252 1126 2317 obnoxias
1207 2252 1210 2257 ’

101 2374 171 2433 spes
199 2363 249 2415 cst
269 2352 411 2416 vivacem
429 2353 526 2429 dore,
553 2354 681 2438 quando
705 2364 825 2437 patrem
843 2352 937 2415 habet
956 2352 1128 2417 admodum

102 2466 176 2517 natu
209 2455 379 2533 gratulem,
412 2455 470 2516 scd
496 2455 576 2518 mire
603 2454 717 2517 virenti
743 2465 922 2537 vegetoque
952 2462 1127 2517 senectute.

103 2552 266 2618 Neminem
293 2555 394 2617 atllrnc
421 2554 487 2618 vidi
512 2558 615 2619 minus
639 2575 804 2618 morosum
827 2554 861 2616 in
887 2555 1013 2617 delectu
1037 2552 1127 2617 cibo-

101 2674 179 2718 rum.
225 2656 279 2718 Aa
296 2653 468 2737 juvenilem
486 2676 589 2738 usque
608 2667 728 2718 atatem
747 2677 836 2740 aquas
855 2666 934 2739 potu
954 2654 1127 2721 delectatus

102 2766 176 2829 est,
205 2753 240 2817 id
263 2753 308 2817 illi
334 2756 471 2835 patrium
495 2756 567 2819 fuit.
614 2738 758 2836 Verum,
791 2760 850 2822 hac
876 2758 910 2822 in
935 2779 972 2820 re
999 2779 1040 2820 ne
1072 2754 1127 2819 cui

103 2856 251 2917 molestus
271 2867 370 2931 esset,
394 2855 520 2920 fallebat
539 2855 690 2922 convivas
709 2879 729 2921 e
747 2871 879 2923 danneo
901 2861 1017 2943 poculo
1037 2875 1128 2921 cere·

105 2954 214 3019 viciam
246 2955 381 3032 bibens,
417 2978 551 3041 eamque
583 2979 671 3040 aquae
708 2958 905 3040 proximam,
936 2956 1126 3040 frequentas

103 3077 215 3140 aquam
233 3077 361 3120 meram.
407 3057 527 3121 Vinum
546 3057 697 3142 quoniam
716 3058 778 3121 illic
797 3080 865 3121 mos
884 3068 950 3134 est,
982 3057 1022 3120 ad
1040 3056 1126 3121 iden

100 3158 252 3238 poculum
271 3156 408 3220 vicissim
426 3157 559 3221 invitare
571 3178 661 3237 sese,
681 3178 805 3222 summo
824 3176 883 3221 ore
894 3174 1127 3241 nonnunqum

100 3257 235 3334 libabat,
270 3267 312 3321 ne
338 3279 469 3340 prorsus
489 3261 660 3323 abhorrere
679 3260 860 3335 videretur,
891 3258 983 3324 simul
1001 3267 1038 3321 ut
1054 3256 1126 3337 ipsc

102 3358 321 3421 communibus
341 3359 436 3422 rebus
455 3372 659 3425 assuesceret.
701 3359 860 3425 Carnibus
886 3360 1013 3425 bubulis
1031 3361 1126 3425 salt&

102 3458 238 3536 mentis,
278 3481 361 3538 pane
392 3461 582 3525 secundaro
618 3483 654 3524 ae
694 3465 898 3529 vehementer
934 3463 1125 3526 fermentato

103 3557 238 3622 libenter
256 3559 462 3638 vescebatur,
494 3574 594 3646 quam'
608 3565 654 3628 lris
674 3563 773 3644 cibis,
792 3585 875 3650 quos
894 3566 1009 3649 vulgus
1031 3562 1126 3627 habet
1154 3576 1156 3580 ‘

105 3657 138 3719 in
165 3657 293 3723 deliciis.
330 3660 462 3747 Alioqui
489 3663 672 3748 nentiquam
698 3666 872 3729 abhorrens
899 3663 939 3728 ab
967 3662 1126 3757 omnibus,

105 3779 177 3842 quse
189 3761 378 3842 voluptatem
392 3763 553 3827 innoxiam
567 3766 714 3829 adserunt
729 3766 821 3835 eliam
834 3765 974 3846 corpori.
1011 3764 1127 3825 Laeta·

104 3858 245 3934 riorum,
274 3872 440 3928 eteorum
466 3865 598 3929 foetuum
623 3866 679 3950 qui
704 3878 876 3931 naseuntur
894 3867 929 3928 in
946 3861 1125 3939 arboribus,

100 3980 230 4043 semper
244 3960 305 4026 suit
322 3965 540 4048 appetentior:
564 3988 652 4031 esum
672 3989 809 4033 ovorum
827 3968 860 4033 in
879 3970 998 4036 deliciis
1013 3974 1126 4041 habeti

102 4084 170 4125 vox
190 4082 296 4148 neqoe
318 4065 447 4150 grandis
473 4077 542 4143 est,
575 4090 635 4131 nec
653 4070 824 4134 admodum
842 4072 953 4151 exilis,
968 4076 1034 4139 sed
1053 4095 1126 4160 qun

100 4162 194 4244 lacile
212 4176 359 4248 penetret
376 4188 494 4246 aures,
521 4167 598 4232 nihil
619 4169 739 4236 habens
759 4193 935 4252 canorum,
963 4197 1000 4240 ae
1018 4180 1127 4258 molle,

102 4266 160 4329 sed
179 4258 450 4353 plane-lbqnentis
474 4281 544 4333 est:
575 4292 646 4335 nam
669 4273 709 4336 ad
734 4274 892 4339 Musicam
917 4280 1077 4355 vocalem,
1107 4300 1129 4342 a

102 4377 213 4430 natura
237 4388 304 4453 pon
329 4369 456 4441 videtur
481 4391 551 4436 esse
576 4374 787 4458 compositus,
816 4376 937 4443 etiimsi
955 4378 1128 4447 detectum

141 4498 265 4563 scatron.
282 4503 362 4568 cru.
746 4482 790 4555 tl
