2632 5086
352 696 456 771 Tritis
479 694 647 789 Romana
673 693 872 797 Dialogus..
1043 697 1115 775 llo

93 892 374 973 conspirationem,
395 889 447 951 cui
466 888 614 953 resistere
633 910 698 953 non
717 898 857 969 possent.
895 886 1019 951 Verum
1037 888 1117 951 hanc

93 1014 161 1055 csse
187 994 301 1054 laetam
320 990 453 1051 avaritiae
473 990 661 1071 pontificatis
692 990 841 1054 instinctu
867 989 1027 1053 fictionem
1055 991 1117 1052 hoc

91 1096 224 1154 maxime
244 1091 421 1164 convincit,
442 1092 546 1173 quod,
567 1092 594 1151 si
614 1090 743 1173 quidem
762 1088 785 1153 ii
796 1090 926 1152 fuerunt
947 1102 1039 1165 tunc,
1060 1087 1117 1171 qui

90 1206 162 1255 sunt
189 1194 300 1265 hodie,
327 1193 525 1255 sacerdotum
555 1211 677 1267 mores,
704 1190 781 1253 nihil
807 1190 889 1273 passi
923 1200 1028 1252 essent
1060 1210 1116 1251 ex·

90 1295 167 1356 trolri
189 1294 266 1365 sibi,
287 1292 335 1354 sin
357 1312 455 1367 vero,
483 1292 570 1374 quod
590 1291 744 1366 arbitror,
773 1294 873 1353 sancti
893 1290 1024 1353 luerunt
1042 1288 1114 1370 ejus

90 1394 191 1456 sacrrli
214 1394 386 1469 antistites,
412 1414 478 1453 non
500 1392 702 1472 accepissent.
742 1392 839 1473 Quod
868 1390 914 1467 si,
941 1402 976 1452 nt
996 1389 1117 1456 inutilia

90 1496 295 1569 offerentem,
331 1492 574 1557 Constantinum
601 1514 666 1554 non
697 1492 889 1555 admiserunt
913 1490 963 1561 hi,
997 1488 1114 1573 quibus

91 1594 138 1655 ille
167 1595 320 1659 donarit,
356 1614 422 1674 quo
448 1592 519 1670 jure
551 1614 662 1655 eorum
690 1592 809 1674 posteri
839 1600 1010 1669 repetunt,
1045 1611 1115 1672 qua

89 1694 224 1775 majores
247 1694 390 1773 accipere
411 1712 446 1755 se
466 1693 630 1775 indignum
650 1694 829 1767 duxerunt,
850 1710 886 1751 ac
907 1689 1114 1751 oller-entibus

88 1817 128 1856 ue
164 1796 275 1855 darent
308 1793 555 1872 persuaserunt?
590 1806 675 1856 certe
705 1791 852 1873 prolecto
883 1809 1045 1873 nunquam
1080 1790 1124 1877 5¹¹,

90 1894 322 1974 possessiouem
343 1915 472 1967 corum,
502 1916 571 1977 quae
592 1893 810 1974 complectitur
835 1894 1020 1973 figmentum
1039 1893 1114 1969 hoc,

89 1998 166 2057 ullus
187 1996 332 2075 pervenit
350 1995 516 2075 pontifex,
537 1998 631 2060 immo
649 1994 760 2057 urbem
774 1994 908 2054 Romam
924 1991 1028 2053 multis
1041 2004 1116 2073 post

89 2094 329 2158 Constantinum
351 2093 469 2157 saeculis
495 2118 649 2177 usurpare
675 2094 800 2156 tandem
828 2091 897 2154 arisi
923 2104 1013 2171 sunt,
1040 2096 1113 2155 c'um

88 2208 158 2257 ante
179 2217 243 2257 uon
264 2194 442 2258 habuissent
463 2207 524 2258 tarn
550 2219 623 2261 sero
645 2192 887 2258 vetustissimam
907 2190 1113 2255 donationem

86 2296 295 2357 minutissime
315 2296 411 2375 partis
430 2296 599 2381 insequuta
624 2308 672 2359 est
692 2294 864 2376 posscssio-
903 2290 1061 2357 Praeterea
1079 2292 1112 2355 si

87 2397 176 2479 quod
201 2399 352 2459 donatum
382 2397 443 2459 sibi
473 2416 539 2473 est,
571 2408 685 2478 sponte
709 2394 905 2458 remisissent
927 2391 1113 2477 aliquando,

86 2519 161 2557 num
182 2497 284 2570 aliter,
313 2518 406 2577 quam
427 2497 620 2579 interpositis
640 2494 757 2573 literis,
785 2504 818 2558 et
842 2492 940 2577 signis
972 2492 1115 2575 egissent

87 2598 173 2657 hoc?
192 2592 243 2655 rel
263 2595 317 2677 qui
331 2596 408 2657 illud
426 2607 487 2657 tarn
506 2597 642 2659 sollicite
662 2594 880 2659 custodierunt
899 2592 1113 2676 privilegium,

88 2697 182 2759 iidem
205 2716 268 2758 suar
294 2694 486 2759 liberalitatis
512 2694 691 2760 testimonia
715 2694 762 2758 sic
785 2694 985 2779 negligenter
1014 2694 1115 2759 habu·

88 2796 212 2859 issent?
249 2797 369 2877 Nugae,
394 2795 489 2861 immo
509 2809 543 2858 ut
563 2796 664 2859 dicam
682 2798 768 2875 ipse,
796 2796 885 2877 quod
905 2796 1028 2873 sentio,
1049 2794 1115 2876 pri·

87 2896 239 2976 vilegium
265 2894 462 2959 Constantini
489 2899 534 2961 sic
553 2909 660 2959 natum
681 2894 835 2969 arbitror,
861 2896 1114 2979 cumuliquando

87 2998 284 3063 occasionem
311 3009 419 3059 nactus
446 3019 559 3061 avarus
587 2994 745 3081 (quisquis
775 2995 825 3057 hic
851 2994 924 3070 suit)
954 2996 1113 3077 pontifex,

85 3099 220 3182 aliquam
243 3098 337 3160 ltaliae
357 3108 478 3179 partem
496 3096 696 3179 arripuisset,
716 3096 845 3179 jamque
864 3094 924 3157 sibi
944 3095 1006 3156 hoc
1018 3098 1135 3159 rebe·-

85 3217 206 3262 menter
237 3198 391 3260 arrideret
418 3199 641 3274 commodum,
677 3216 737 3261 nec
767 3206 817 3275 (ut
844 3186 1035 3275 inexplebile
1065 3206 1116 3261 est

86 3300 220 3361 avaritie
247 3298 400 3373 studium)
424 3296 469 3359 ibi
496 3299 703 3373 consisteret,
736 3316 772 3358 ac
796 3294 928 3359 ulterius
960 3292 1115 3380 progredi

88 3399 122 3474 in
141 3399 277 3459 animum
295 3398 487 3473 induxisset,
517 3410 686 3481 essentque
705 3417 743 3459 ea
763 3407 838 3457 tunc
857 3408 1021 3475 tempora,
1041 3396 1119 3482 qui··

87 3499 145 3559 bus
175 3499 303 3557 lloreret
328 3499 531 3579 superstitis,
562 3510 598 3561 ut
624 3518 700 3579 spes
725 3500 817 3560 fieret
842 3498 882 3558 de
908 3498 993 3560 lucili
1017 3502 1113 3561 multa

89 3596 269 3670 obtinendi,
288 3600 315 3659 si
334 3599 420 3660 abuti
439 3597 635 3679 simplicitate
654 3598 759 3681 vulgi,
780 3609 812 3660 et
830 3596 1010 3678 principum
1029 3596 1114 3659 desi·

88 3696 137 3759 dia
156 3699 272 3769 vellet,
303 3696 395 3776 coepit
416 3718 593 3779 propagare
612 3700 708 3769 fines,
736 3700 824 3783 quod
848 3696 976 3775 imitati,
1002 3696 1060 3781 qui
1079 3696 1110 3761 ei

87 3810 322 3873 successerunt,
342 3808 522 3878 usurpatam
534 3800 630 3861 semel
648 3798 792 3877 rapiendi
807 3798 960 3861 licentiam
979 3794 1014 3861 in
1031 3816 1111 3859 eon·

87 3900 287 3962 suetudinem
310 3899 530 3973 adduxerunt,
551 3899 654 3963 donec
674 3898 931 3981 prudentissimus
955 3896 1111 3981 quispiam

87 4002 230 4084 pontifex
251 3999 369 4079 optime
389 4001 568 4061 consultum
587 4002 698 4064 volens
719 4000 838 4082 etipse
858 4000 951 4063 rebus
970 3998 1111 4063 ecclesie

88 4105 119 4162 in
144 4100 244 4164 reteri
277 4099 477 4177 membrana,
507 4110 561 4161 aut
588 4099 779 4183 aliquamdiu
805 4100 838 4163 in
856 4102 990 4182 pnlrere
1020 4098 1109 4181 prius

88 4214 224 4276 versata,
244 4202 370 4263 celsitu
387 4199 524 4262 obducta
536 4200 718 4283 perscripsit
731 4199 873 4264 divinum
889 4202 950 4263 hoc
961 4196 1109 4265 edictum.

18 4310 23 4317 '
90 4301 197 4362 reculis
217 4302 300 4362 lraud
318 4301 414 4363 dubic
436 4312 508 4381 post
529 4299 770 4365 Constantinum
787 4302 903 4364 mtdtis.
