2632 5086
1039 430 1046 441 ι

1162 462 1167 473 ι

1119 504 1135 523 ,ἱ

139 780 185 859 96
417 775 474 851 Ad
497 774 602 850 Bilib.
626 774 878 850 Pircklrcimet·

138 995 354 1058 commendata
383 995 433 1057 itta
458 996 595 1078 primum
623 994 726 1059 studia
751 1015 822 1057 mea
847 993 888 1055 ab
916 992 1103 1059 ANDREA
1134 1003 1169 1057 et

136 1095 310 1160 JACOBO
331 1096 493 1174 FUCHS,
520 1097 646 1179 optimis
667 1119 702 1157 ac
722 1093 899 1159 ctarissimis
919 1090 1014 1159 viris:
1045 1094 1168 1159 deinde

135 1198 226 1281 quod
245 1219 327 1258 unrio
344 1198 493 1277 proximo
513 1220 576 1260 unu
597 1220 669 1259 cum
686 1192 890 1259 GEORGIO
907 1194 968 1257 DE
982 1194 1168 1258 STREIT·

135 1296 289 1361 BERGK
310 1299 429 1381 Equite
450 1310 481 1361 ct
499 1298 725 1362 Jureconsulto
746 1316 789 1356 cx
807 1292 895 1358 ltalia
913 1296 1067 1373 veniens,
1087 1316 1167 1359 casu

134 1396 166 1459 iu
195 1397 252 1459 iltis
279 1398 408 1461 domum
435 1400 642 1472 diverterum3
678 1397 784 1481 quod,
823 1417 890 1457 non
916 1396 1038 1473 credis,
1067 1418 1167 1481 quam

134 1498 176 1560 illi
197 1511 319 1581 gratum
339 1497 499 1561 acciderit.
546 1501 653 1579 Quare
679 1497 780 1560 adhuc
807 1496 1009 1581 singulariter
1034 1498 1112 1560 colit
1131 1510 1166 1561 et

134 1600 347 1679 amplectitur:
384 1600 473 1683 quod
500 1622 542 1662 ex
568 1599 671 1662 animo
697 1599 768 1661 lieri
793 1596 833 1660 ab
858 1598 931 1673 illo,
963 1598 1016 1660 vel
1042 1598 1167 1663 idcirco

133 1701 209 1763 mihi
236 1701 330 1764 facilc
359 1700 558 1781 persuadeo,
599 1699 689 1783 quod
714 1710 749 1761 ut
773 1720 792 1760 a
819 1698 1007 1780 jactatione,
1043 1709 1076 1761 ct
1104 1699 1165 1763 illis

132 1804 232 1886 vulgo
251 1803 420 1885 magnifice
441 1800 686 1864 obvolventibus
706 1824 740 1863 se
761 1801 855 1866 fumis
876 1801 1043 1876 abhorret,
1064 1800 1109 1862 itu
1127 1822 1165 1865 re

132 1905 200 1985 ipsa
219 1907 354 1968 amicum
373 1926 408 1967 se
429 1902 581 1976 ostendlt;
607 1903 760 1986 frequens
779 1900 855 1963 milri
873 1900 907 1962 iu
926 1902 987 1963 hoc
1007 1902 1165 1965 valetudi-

132 2005 222 2066 nario
250 2005 370 2080 adluit,
408 2004 501 2067 etium
528 2014 620 2077 tunc,
653 2024 752 2084 quum
784 2002 827 2063 ob
853 2002 957 2063 morbi
987 2002 1163 2068 foeditatem

131 2105 333 2185 spurcissime
351 2104 506 2166 loetercm.
552 2103 633 2165 Num
658 2112 689 2161 et
711 2103 831 2185 aliquot
851 2124 932 2182 saepc
958 2105 1052 2165 horus
1072 2104 1167 2167 adse·

131 2206 194 2279 dit,
223 2206 386 2268 miscendo
408 2202 563 2283 jucundas
589 2205 629 2266 dc
648 2223 738 2266 moro
763 2203 900 2279 fabulas,
927 2215 958 2264 et
985 2206 1165 2269 necessarie

132 2307 237 2370 omnia
255 2318 291 2367 ut
311 2306 428 2368 affatim
446 2316 669 2387 suppeterent,
691 2304 808 2386 optima
827 2305 989 2388 diligentia
1008 2306 1163 2386 providit.

132 2410 206 2489 Quo
234 2407 362 2470 nomine
390 2416 514 2490 gratim
538 2406 614 2468 mihi
641 2405 756 2481 facies,
788 2407 815 2468 si
846 2408 909 2469 huc
936 2406 1077 2471 scribens
1108 2408 1164 2473 ali·

133 2510 280 2592 quando‚
299 2510 396 2572 literis
412 2509 572 2572 hominem
584 2508 777 2570 salutaveris.
811 2508 905 2570 Amat
920 2529 1029 2570 omnes
1043 2510 1162 2588 bonos,

132 2609 272 2671 literatos
301 2610 459 2691 inprimis:
500 2609 668 2691 multisque
704 2609 737 2669 in
771 2607 889 2670 Italiam
919 2608 1021 2686 misit,
1062 2632 1164 2694 quum

131 2708 252 2789 reliqua
267 2731 336 2771 meu
346 2713 513 2790 opuscula,
534 2723 601 2771 tum
616 2720 771 2772 musteum
787 2710 872 2771 illum
888 2710 989 2771 otllruc
1004 2721 1036 2771 ct
1049 2712 1163 2777 intem·

130 2809 287 2891 pestivum
307 2812 488 2894 Dialogum.
529 2811 653 2873 Scilicet
668 2814 751 2873 hunc
765 2810 822 2872 tibi
841 2814 1049 2889 commendo,
1072 2826 1109 2876 ut
1127 2826 1163 2878 tu

130 2931 202 2973 curn
225 2912 427 2975 commendes
455 2911 535 2988 tuis,
566 2916 627 2975 hoc
653 2925 700 2977 est
719 2913 822 2975 Musis
843 2925 875 2974 et
895 2913 1004 2977 literis.
1043 2916 1163 2979 Prscte·

130 3034 185 3074 rea
204 3012 360 3077 ventitare
381 3014 422 3075 ud
446 3035 497 3075 me
522 3016 625 3075 solent
655 3016 954 3079 AUGUSTENSIS
983 3016 1163 3083 EGIDIUS

129 3112 300 3190 REMUS,
323 3135 463 3198 quocum
481 3116 586 3198 Pupius
607 3117 680 3179 olim
699 3118 821 3194 studui,
849 3129 942 3193 tunc,
971 3138 1071 3199 quum
1093 3138 1162 3180 uno

129 3213 190 3275 sub
223 3212 380 3297 Magistro
412 3217 592 3280 Graecurum
620 3218 780 3281 literarum
811 3218 917 3280 studio
945 3217 1160 3282 initiarernur:

130 3323 161 3372 et
189 3313 287 3373 Italici
314 3315 440 3396 generis
464 3318 715 3381 TERBATIUS
740 3318 1028 3393 VICENTINUS,
1062 3321 1161 3382 lromo

131 3412 240 3475 Graece
270 3426 301 3476 et
327 3414 441 3478 Latine
470 3418 600 3501 egregie
626 3419 787 3495 eruditus,
822 3431 854 3480 ct
881 3420 932 3482 cui
959 3420 1035 3482 illud
1054 3422 1161 3483 solum

130 3513 229 3590 desit,
258 3516 347 3598 quod
367 3517 406 3578 ab
425 3518 605 3580 eruditione
626 3519 750 3582 inflatus
770 3543 837 3583 non
858 3532 906 3584 est
923 3520 953 3597 *)
975 3541 1011 3581 ae
1030 3520 1163 3585 JOAN·

130 3614 212 3677 NES
234 3615 503 3695 FOENISECA,
532 3621 766 3685 reconditarum
787 3623 900 3685 artium
920 3635 954 3684 et
978 3620 1160 3685 secretioris

131 3715 340 3797 Philosophiae
368 3719 511 3782 doctrina
537 3723 681 3786 eximius.
721 3726 817 3787 Fama
843 3722 987 3787 defertur
1010 3725 1074 3784 huc
1099 3742 1161 3785 no·

131 3839 206 3878 vum
229 3817 468 3884 instrumentum
495 3824 534 3884 ab
557 3826 689 3888 Erasmo
709 3824 823 3888 iterum
842 3847 912 3888 esse
930 3822 1092 3898 revisum,
1124 3840 1162 3886 ae

130 3916 351 4002 interpolatum
371 3923 497 4002 denuo,
518 3937 549 3986 et
568 3925 624 3989 alia
643 3928 781 4010 quedam
802 3948 885 3988 nova
903 3924 984 3988 illius
1006 3924 1161 4005 opuscula

130 4021 288 4101 prodiisse
309 4023 341 4083 in
360 4026 471 4087 lucem.
511 4027 608 4104 Quod
626 4026 739 4103 miror,
768 4040 828 4090 tam
848 4048 921 4091 sero
943 4026 1059 4089 adlerri
1077 4026 1159 4100 hue,

132 4142 201 4203 quse
222 4123 253 4183 in
274 4123 372 4185 literis
393 4147 475 4188 nova
491 4139 575 4188 sunt.
614 4126 733 4190 dulium
746 4128 931 4203 Pollucem,
951 4126 1160 4205 Hesychiuni,

131 4233 162 4283 et
184 4222 259 4285 alios
280 4224 377 4288 libros
397 4227 452 4290 abs
477 4228 518 4292 de
538 4228 649 4292 missos
676 4228 792 4311 accepi.
837 4227 901 4291 Ubi
921 4239 1005 4290 tuam
1024 4228 1060 4290 in
1080 4226 1161 4292 meis

136 4344 328 4364 ἡ*

166 4429 196 4498 ⁸)
212 4450 270 4488 eet:
289 4440 329 4488 stt.
