2632 5086
458 743 628 848 Misaulua
652 770 835 870 Dialogus.

533 962 742 1028 Misaulns.

220 1067 295 1147 Quid
328 1066 379 1129 ris
405 1065 531 1138 addam,
568 1062 628 1124 nisi
659 1075 694 1126 nt
722 1077 752 1125 te
780 1087 941 1143 moneam,
976 1088 1041 1151 ipro
1062 1085 1146 1129 mare

154 1162 221 1224 illud
239 1176 280 1224 tot
301 1164 406 1227 modis
423 1175 601 1244 suspectum
619 1163 737 1245 fugias,
758 1186 793 1226 ae
811 1167 915 1229 vites.
940 1169 989 1229 Ne
1011 1182 1148 1249 mquam

157 1264 331 1345 navigationi
351 1276 381 1326 te
405 1264 590 1337 committas,
617 1275 677 1324 tam
695 1264 898 1345 periculosae,
918 1278 981 1327 tam
998 1266 1147 1328 exitiosae.

159 1364 197 1422 b'e
214 1364 239 1423 in
257 1365 353 1424 rebus
371 1365 451 1425 adeo
475 1363 596 1437 dubiis,
624 1364 702 1423 adeo
719 1364 844 1427 incertis
860 1386 946 1446 spem
965 1388 1078 1446 ponas,
1109 1387 1148 1426 ne

158 1462 202 1522 tibi
222 1465 343 1542 pedicas
368 1464 495 1537 induas,
526 1485 561 1523 ac
580 1473 781 1542 spontaneam
796 1467 826 1540 *)
848 1467 1030 1527 servitutem
1046 1486 1149 1526 accer-

162 1582 214 1634 sas,
249 1564 360 1646 inqua
384 1575 493 1641 postea
518 1561 612 1623 miser
630 1581 701 1622 eum
726 1564 783 1638 sis,
822 1586 886 1626 non
911 1565 1079 1627 identidem
1106 1565 1148 1628 sis

160 1662 340 1738 miserabilis,
361 1684 430 1725 eum
448 1664 515 1723 talis
532 1682 600 1724 esse
617 1661 772 1736 volueris,
794 1674 882 1724 etex
897 1664 1021 1727 miseria
1038 1667 1149 1744 volup·

165 1772 244 1825 tatem
266 1763 320 1824 tibi
348 1764 515 1842 petendam
541 1761 679 1825 duxeris.
732 1765 780 1824 Ne
807 1776 839 1826 te
869 1788 908 1826 ex
935 1764 1151 1827 commodiore

167 1863 223 1923 rita
241 1864 338 1925 iubas
362 1873 576 1944 tempestates,
611 1864 663 1924 has
682 1865 851 1942 proeellas,
884 1865 969 1924 unde
989 1883 1152 1944 emergere

171 1961 350 2025 difficillimum
368 1965 428 2038 sit,
456 1963 592 2039 abjicias.
645 1963 692 2024 Nc
716 1963 754 2023 ab
777 1963 878 2025 animo
901 1965 1020 2026 exules.
1058 1965 1100 2024 Et
1118 1962 1152 2024 in

172 2060 211 2122 bis
235 2063 433 2126 afflictionibus
462 2061 682 2127 immunitatem
716 2084 756 2123 ne
787 2085 915 2146 quaeras.
974 2065 1080 2146 thue
1102 2061 1152 2138 **)

174 2162 318 2225 mentireris
337 2163 468 2224 libertati
489 2162 720 2237 renunciatum,
748 2174 781 2224 ut
799 2163 932 2242 primum
951 2165 985 2226 in
1004 2165 1103 2226 aulam
1121 2174 1153 2224 te
1210 2222 1214 2229 .

175 2262 380 2341 mittereris,
399 2261 461 2325 nisi
477 2282 587 2325 servus
603 2283 669 2323 non
688 2274 750 2338 est,
772 2275 825 2324 aut
842 2264 984 2341 captivus
1001 2283 1067 2325 non
1088 2274 1152 2336 est,

178 2359 221 2441 qai
239 2382 317 2425 unam
340 2363 466 2424 domum
492 2361 602 2443 egredi
626 2362 702 2424 citra
724 2362 936 2443 praescriptum
961 2384 1028 2424 non
1050 2363 1154 2424 audet.

182 2460 305 2538 Omnino,
328 2475 363 2523 ut
379 2465 509 2543 longum
528 2461 632 2525 valere
651 2463 734 2523 ‹ticas
758 2465 852 2538 aule,
878 2462 910 2522 in
929 2484 991 2544 qua
1007 2471 1154 2542 corrupta

182 2563 344 2639 anatomia,
362 2560 442 2625 οὐδὲν
461 2559 549 2636 ripale.
570 2561 632 2623 Ubi
644 2561 835 2625 difficultates
853 2561 936 2623 mirae
950 2560 1153 2638 objiciuntur,

107 2654 109 2727 Ῐ
182 2663 419 2737 monstenem,
440 2662 539 2724 otium
554 2673 639 2723 recte
655 2660 842 2738 disponere,
864 2660 993 2741 injurias
1009 2663 1154 2734 tolerare,
1242 2652 1255 2677 “’

184 2757 287 2823 ubidiis
303 2783 400 2846 opera
421 2762 628 2842 impenditur,
655 2760 714 2823 sibi
740 2764 853 2824 malum
878 2762 1069 2836 accersitur,
1099 2760 1154 2822 ubi

186 2858 295 2937 minua
311 2864 399 2947 quod
417 2864 585 2936 habemus,
605 2861 720 2923 frustra
742 2872 863 2941 tempus
883 2862 1057 2922 conteritur
1075 2860 1153 2933 llll).

184 2958 288 3026 Tandem
306 2963 378 3026 vide
401 2963 442 3026 sis
463 2962 535 3024 huic
550 2961 722 3023 invenuste
739 2960 896 3023 venustati
917 2981 957 3020 ne
982 2970 1013 3020 te
1031 2958 1155 3038 capien-

178 3058 232 3123 dum
250 3063 398 3142 prebeas,
438 3084 502 3146 quo
529 3083 569 3124 ue
596 3061 673 3122 loris
706 3059 929 3140 jucundissime
961 3059 1155 3133 demulctus,

176 3156 238 3222 intro
251 3163 442 3226 acerbissime
465 3161 622 3229 tracteris,
652 3160 789 3240 denique
815 3159 928 3220 misere
950 3148 1153 3220 subvertaris.

172 3258 235 3323 dum
256 3264 329 3346 quid
352 3262 467 3336 relert,
504 3262 605 3324 aureis
636 3273 668 3322 te
692 3261 808 3322 catenis
838 3260 955 3322 victum
986 3258 1074 3340 quis,
1116 3279 1155 3320 an

168 3358 258 3426 ferreis
277 3362 439 3425 detineat?
456 3366 521 3425 Aut
539 3360 655 3442 aliquid
671 3361 785 3435 refert,
808 3384 825 3422 a
840 3381 904 3442 quo
923 3360 1045 3420 metallo
1062 3357 1155 3440 piscis

163 3463 303 3524 trabatur?
318 3503 354 3515 -
375 3463 412 3523 ln
435 3468 572 3533 summit,
598 3472 632 3520 ut
659 3481 742 3522 mare
763 3481 831 3521 esse
857 3458 1033 3520 memineris
1057 3458 1157 3520 aulam

158 3562 190 3626 de
203 3585 264 3639 me,
285 3563 339 3626 ubi
352 3563 390 3623 ab
406 3563 465 3623 isto
483 3560 646 3637 naufragio
665 3572 801 3634 enatem,
822 3559 889 3638 ipse
902 3559 986 3634 oeae)
997 3557 1120 3619 videro.

569 3659 722 3721 Castus.

218 3764 280 3828 Ubi
301 3762 480 3824 felicitatem
496 3760 551 3821 tibi
574 3770 667 3839 opto,
701 3768 732 3820 et
751 3758 832 3818 dabo
852 3758 919 3835 ipse
941 3769 1088 3834 operam,
1114 3778 1155 3817 ex

142 3879 173 3929 te
193 3879 227 3927 nt
242 3864 417 3945 profecisse
438 3861 539 3922 videri
562 3858 679 3938 possim
694 3858 749 3931 †),
780 3878 815 3918 ae
834 3856 891 3918 tibi
909 3857 1002 3917 multa
1022 3855 1156 3917 libenter

139 3966 264 4037 debeo,
285 3963 340 4046 qui
360 3982 409 4024 me
428 3961 621 4040 intempore
639 3955 809 4020 monueris.

138 4111 308 4126 „-

169 4206 199 4264 ⁸)
214 4215 288 4256 altro
310 4221 356 4255 vor
373 4209 481 4257 servitor.
501 4206 715 4262 durclrgestrlcben.
757 4205 799 4255 ⁸⁸)
822 4205 912 4260 thue:
929 4203 969 4258 ut.
1013 4191 1076 4261 m)
1095 4214 1156 4247 coa·

167 4306 291 4344 seretur:
310 4296 461 4341 conterimus.
497 4285 575 4349 ω’)
594 4296 643 4345 ipse
662 4289 792 4347 belgettlgt.
826 4272 863 4346 τ)
885 4286 929 4332 Uol
941 4285 1093 4337 sellettarem
1111 4283 1157 4330 nu

169 4392 246 4436 epto,
267 4387 316 4424 etc.
350 4364 418 4425 babo
438 4377 544 4434 equidem
564 4387 667 4432 operam.
