2632 5086
147 766 211 839 :90
560 758 741 861 Apologia

142 953 279 1035 Imperio
300 954 500 1017 eversionem
524 954 653 1018 moliri?
691 953 777 1035 Quid
803 955 881 1016 tanti
908 966 973 1029 est,
1012 975 1079 1017 non
1106 978 1176 1019 ser·

140 1076 216 1117 vare
236 1055 330 1116 fidem
342 1055 357 1115 ?
391 1053 612 1134 jusjurandum
630 1054 821 1136 negligere?
841 1055 938 1116 Pacta
956 1055 1131 1118 dirimere?
1143 1059 1175 1133 ⁴)

141 1156 261 1218 foedera
280 1155 428 1217 solvere?
455 1154 578 1230 literas,
604 1166 636 1216 ct
659 1154 765 1237 signa,
786 1156 889 1216 datam
905 1167 936 1217 et
955 1153 1175 1236 interpositam

75 1278 81 1285 ·
143 1257 254 1331 tidem,
276 1256 430 1336 promissa
454 1267 485 1317 et
505 1253 608 1335 jurata
632 1277 699 1317 uon
721 1258 826 1317 facere
846 1255 941 1318 unius
966 1256 1069 1318 sabra?
1109 1257 1175 1320 Sed

140 1357 218 1443 quid
239 1379 302 1439 ego
323 1358 364 1417 de
383 1356 509 1438 integro
529 1376 654 1417 causam
676 1357 756 1418 bane
775 1374 838 1434 ago
859 1357 989 1419 tecum?
1027 1357 1108 1420 Satis
1127 1358 1176 1420 est

141 1461 201 1521 boc
228 1457 307 1533 dici,
336 1457 536 1518 Plralaridem
559 1455 673 1539 sequi,
704 1469 735 1519 et
755 1456 884 1519 vincere
907 1458 972 1518 lucc
991 1457 1048 1540 qui
1067 1457 1173 1519 faeiat.

142 1562 329 1640 Quanquam
348 1570 394 1620 est
408 1557 451 1618 ibi
469 1557 630 1639 quoddam
646 1578 750 1618 meum
761 1557 891 1633 (fateor)
904 1570 1060 1632 erratum,
1083 1561 1173 1641 quod

140 1682 212 1722 eum
233 1662 321 1739 fingo
347 1660 407 1722 sub
430 1659 597 1722 Phalaride
623 1661 742 1720 scelere
770 1657 911 1733 discere,
946 1657 1001 1739 qui
1023 1669 1071 1720 est
1093 1661 1172 1740 ipse,

140 1782 234 1844 quam
246 1760 307 1822 luit
321 1781 476 1843 unquam,
491 1759 632 1831 Phalaris
643 1759 796 1842 nequior,
811 1770 841 1819 et
854 1757 1052 1837 pestilentior
1065 1770 1172 1838 tyran-

138 1883 208 1923 nus.
243 1861 292 1922 Te
312 1883 391 1923 vero
412 1882 519 1921 nonne
536 1861 679 1939 oportuit
700 1858 788 1939 prius
805 1860 958 1921 reuellere
976 1879 1032 1932 ca,
1054 1859 1170 1938 quibus

139 1962 179 2023 ele
207 1962 329 2029 scribo,
366 1982 459 2042 quam
487 1960 589 2038 ipsum
617 1960 765 2019 damnare.
788 1958 965 2039 scriptum?
1004 1959 1071 2019 Aut
1092 1958 1171 2041 quid

138 2059 206 2143 agis
225 2082 312 2121 meos
333 2058 453 2122 libellos
472 2060 672 2138 discerpens,
693 2058 775 2120 illam
788 2079 855 2119 nou
874 2059 1055 2140 improbans
1074 2071 1171 2122 totam

138 2162 356 2239 Arrgustanam
376 2159 563 2221 actionem?
582 2160 659 2220 illud
682 2179 744 2219 non
765 2158 949 2221 rescindens
969 2157 1171 2235 judicatum?

141 2265 221 2325 Rem
241 2263 341 2343 ipsam
367 2283 432 2322 non
454 2260 634 2340 improbas,
667 2258 760 2319 inane.
780 2260 931 2339 scriptum
956 2261 1171 2344 persequeris.

139 2363 225 2443 Quid
246 2374 366 2424 tantum
385 2363 505 2424 chartas
526 2359 638 2433 odisti,
660 2371 691 2420 ct
712 2360 943 2423 atramentum?
965 2360 1028 2422 Sed
1045 2364 1170 2439 metuis,

138 2464 164 2527 si
186 2469 270 2526 recta
287 2475 397 2526 contra
417 2484 476 2524 nos
497 2484 565 2534 eas,
587 2460 757 2540 majestatis
778 2473 808 2523 te
826 2484 866 2522 nc
886 2474 1022 2524 accersat
1044 2462 1170 2544 aliquis.

138 2567 246 2648 Atqrre
266 2566 327 2626 lroc
341 2575 390 2625 est
406 2564 494 2645 quod
511 2563 602 2638 dico,
623 2561 654 2622 in
676 2584 824 2643 magnum
838 2574 868 2624 te
885 2562 1054 2626 discrimen
1072 2564 1168 2627 ivisse

138 2664 339 2742 precipitem.
386 2663 484 2742 Quod
519 2662 545 2724 si
577 2663 675 2725 nolim
709 2665 749 2724 dc
781 2685 853 2725 meo
885 2662 956 2741 jure
989 2664 1168 2742 concedere

137 2762 274 2845 aliquid,
294 2762 391 2824 sentis
404 2775 509 2846 quate
530 2763 598 2836 via,
619 2776 738 2846 quanto
756 2776 813 2826 tuo
833 2785 904 2827 cum
922 2766 1002 2826 malo
1017 2766 1171 2848 persequi

137 2863 283 2944 possim?
321 2864 445 2931 Verum
470 2865 527 2929 alia
551 2877 756 2945 pertractasse
783 2865 889 2926 omnia
912 2865 1043 2939 videor;
1076 2866 1108 2928 in
1128 2888 1169 2929 eo

137 2965 241 3027 adbuc
257 2967 379 3041 hereo,
402 2965 481 3047 quid
499 2979 529 3028 te
549 2966 701 3041 moverit,
723 2965 806 3026 utin
823 2956 1049 3029 Plralarismum
1070 2968 1170 3029 desae-

138 3065 233 3130 sires.
272 3068 324 3130 Au
351 3066 534 3144 metuebas,
568 3090 610 3129 ne
636 3088 687 3129 me
716 3067 895 3142 excitante,
927 3088 978 3129 me
1005 3067 1170 3131 hominnm

124 3179 256 3240 ,mentes
278 3179 486 3249 permovente
512 3167 555 3231 illi
582 3170 661 3231 male
681 3179 780 3242 esset,
808 3179 843 3230 tu
874 3189 929 3247 spe
957 3163 1028 3244 tua,
1059 3169 1170 3231 nescio

138 3289 218 3352 qua,
239 3271 338 3346 (certe
354 3271 496 3352 qaedam
512 3282 577 3331 erat
589 3269 661 3343 tibi)
683 3267 872 3331 excideres?
893 3268 963 3330 etsi
981 3291 1094 3332 rerum
1109 3281 1167 3345 est,

138 3391 204 3453 quo
225 3371 380 3449 ducendos
406 3369 462 3432 tibi
490 3392 604 3432 aureos
632 3369 791 3449 stipendio
815 3369 984 3452 quotannis
1011 3370 1167 3446 solvebat,

137 3476 227 3534 lucro
257 3471 349 3533 etiarn
376 3492 416 3532 ue
447 3470 612 3532 excideres
640 3472 723 3532 tuo?
763 3470 846 3550 Quia
877 3470 961 3532 enirn
990 3471 1169 3534 Germanos

138 3586 264 3637 uos'ros
280 3572 408 3651 ignaras
425 3584 460 3633 tu
481 3583 632 3655 quantum
645 3571 674 3647 *l
693 3571 787 3634 latine
810 3574 909 3636 sciant
938 3582 969 3634 et
989 3571 1114 3653 scriptis
1134 3581 1171 3634 ut

136 3674 263 3738 moveri
284 3674 423 3755 possint,
450 3677 510 3739 hoc
534 3674 709 3752 suspicatus
734 3694 768 3735 es
791 3693 904 3754 nuper.
943 3676 986 3736 At
1005 3671 1171 3753 ingentem

139 3779 254 3841 coelem
273 3777 328 3838 illo
355 3788 498 3855 tempore
520 3795 535 3832 a
557 3772 780 3858 confoederatis
801 3774 981 3837 exercitum·
997 3772 1072 3835 duci
1096 3794 1172 3837 eum

138 3901 302 3952 cerneres,
320 3888 415 3957 atque
430 3877 531 3955 ipsum
544 3873 620 3936 illud
642 3876 731 3956 quod
743 3887 778 3938 tu
794 3875 973 3950 metuebas,
994 3874 1038 3938 illi
1054 3877 1171 3938 malum

138 3980 272 4052 adferri,
301 3977 436 4038 necdum
453 3975 504 4050 **)
524 3973 661 4054 pessimo
684 3979 756 4038 loco
775 4000 827 4039 res
847 3975 917 4056 ejus
936 3986 1058 4052 essent,
1089 3976 1171 4060 quid

141 4081 172 4142 in
192 4081 345 4161 Dialogos
364 4099 453 4141 meos
472 4077 595 4151 invehi,
624 4077 764 4139 utillum
788 4077 845 4139 tibi
871 4076 1046 4140 exercitum
1068 4075 1171 4139 offen·

138 4200 209 4244 sum
226 4181 395 4253 redderes,
416 4179 519 4241 visum
542 4188 606 4253 est,
626 4191 737 4241 contra
755 4179 858 4260 ipsum
882 4179 1077 4253 exereitum,
1100 4198 1170 4261 quo

139 4283 332 4366 profligato,
374 4281 407 4347 hi
444 4280 590 4344 debellati
628 4292 733 4343 essent
768 4280 920 4363 Dialogi,
966 4299 1049 4342 arma
1081 4277 1171 4342 terre

815 4488 881 4557 lu)

176 4493 202 4548 ‘l
222 4501 338 4542 streame
350 4512 360 4543 .·
379 4499 479 4543 diruere.
515 4489 562 4557 **)
581 4508 702 4558 quantum
714 4509 726 4545 .·
745 4501 782 4543 ut.
899 4500 1021 4543 necdum:
1039 4498 1136 4544 nedum.
