2632 5086
147 752 192 818 82
379 726 384 745 ⁸
424 736 886 821 AdBitib.Pirc1iheimer

146 935 210 999 mei
238 937 410 1020 imputant,
446 939 620 1015 claritudo,
671 951 703 1003 ot
738 938 913 1023 gentilitius
946 938 1171 1023 propagandus

146 1040 306 1120 splendor.
357 1038 422 1103 Ubi
444 1040 471 1103 si
492 1059 677 1115 cessavero,
711 1051 742 1101 et
769 1039 845 1103 mihi
863 1041 964 1103 deero
991 1051 1023 1103 et
1053 1039 1170 1118 literis,
1221 1040 1223 1051 '

14 1154 17 1161 ’
79 1212 85 1217 ,
146 1138 220 1201 mihi
242 1141 389 1223 quidem,
425 1162 492 1203 non
515 1141 559 1203 itu
579 1160 693 1225 magno
716 1161 785 1203 mos
809 1160 904 1216 euro,
943 1140 1041 1203 literis
1066 1159 1170 1227 uero,

55 1226 92 1337 '⁸
146 1239 263 1323 quibus
293 1240 477 1303 omnimodo
509 1242 595 1322 opud
621 1240 815 1303 contribules
842 1252 875 1302 et
902 1241 935 1302 in
965 1242 1027 1305 hoc
1046 1238 1171 1309 ‚ordine
1215 1312 1220 1321 ¹

144 1341 316 1404 conciliare
332 1342 493 1419 levorem,
520 1342 661 1407 excitare
683 1342 901 1405 auctoritatem
920 1342 1047 1403 studeo.
1083 1338 1172 1403 Prs-

145 1452 233 1505 terea
255 1442 397 1505 intuetur
412 1465 463 1508 me
481 1443 650 1507 universus
669 1445 762 1506 ordo.
807 1442 922 1507 Omnia
937 1463 1007 1505 men
1027 1439 1169 1516 oonsilio,

145 1542 264 1607 nedum
282 1542 366 1607 taen
381 1543 552 1607 observent
567 1543 727 1618 homines,
756 1543 910 1626 petitura
924 1564 994 1615 me,
1024 1561 1090 1605 non
1108 1552 1170 1605 tem

145 1643 235 1727 quod
256 1643 379 1720 debeo,
410 1632 517 1727 quam
529 1644 620 1728 quod
634 1645 767 1727 exigere
789 1644 848 1707 illis
865 1643 899 1707 in
917 1654 1055 1707 mentem
1072 1642 1168 1705 veuit.

40 1736 81 1825 Ω
144 1744 297 1828 Magnam
328 1746 370 1808 de
397 1766 449 1808 me
478 1745 763 1826 exspectationem,
803 1743 958 1824 mojorem
984 1743 1169 1827 opinionem

143 1844 273 1921 tibens,
299 1866 433 1929 eamque
453 1866 496 1908 ex
515 1846 651 1909 nominis
673 1847 735 1909 mei
753 1847 855 1922 lema,
882 1866 978 1929 quum
1001 1866 1067 1913 non
1082 1854 1168 1906 reete

142 1957 342 2025 comparant,
356 1945 542 2011 metiuntur.
562 1947 613 2009 lbi
626 1969 690 2030 ego
705 1947 766 2010 nisi
781 1947 899 2029 aliquid
914 1966 1028 2020 eones,
1049 1942 1169 2028 aliquid

67 2048 300 2209 ‘mem’
332 2058 399 2108 tum
415 2046 447 2121 *)
477 2065 556 2110 vero
583 2048 667 2111 dioet
692 2047 828 2131 quisque
852 2066 986 2121 eorum,
1023 2043 1168 2129 quirem

164 2164 167 2169 ·
197 2147 204 2159 “
238 2158 307 2222 eut3
327 2158 382 2208 mu
399 2166 512 2209 eorum
530 2158 636 2223 uerte,
657 2147 713 2231 qni
733 2168 800 2210 non
818 2147 953 2210 obscure
969 2144 1166 2226 intelligunt,

59 2298 66 2307 .
141 2246 254 2332 uliquis
278 2246 380 2321 dicen
411 2259 465 2309 sut
489 2248 622 2332 quilibet
646 2252 756 2311 etiem:
795 2248 874 2331 quid
897 2268 976 2330 ergo
1004 2247 1084 2309 tenti
1101 2256 1165 2323 est,

140 2350 225 2415 buno
248 2350 311 2411 isto
339 2348 466 2424 liuore,
504 2349 562 2411 heo
589 2349 748 2431 impenso,
782 2350 845 2411 hoo
873 2347 1059 2429 dispendio,
1101 2350 1171 2417 luss-

139 2448 311 2514 didioisse?
340 2451 448 2534 Atque
467 2450 511 2512 its
529 2462 603 2530 post
618 2450 769 2525 sentient,
790 2471 847 2514 sua
862 2450 975 2530 partim
994 2449 1164 2529 opinione,

138 2550 253 2633 purtim
272 2552 406 2614 aliorum
421 2573 594 2633 persuasu,
615 2573 657 2614 ex
676 2551 836 2613 literarum
854 2549 960 2613 studio
978 2549 1050 2613 fieri
1065 2548 1166 2613 homi·

138 2670 197 2715 nes
227 2652 356 2734 pigros,
389 2652 537 2728 desides,
578 2651 728 2735 ignavos,
767 2662 958 2725 cessatores,
998 2652 1110 2714 molles
1133 2661 1167 2713 et

106 2807 111 2823 ,
138 2749 282 2831 supinos.
320 2752 363 2812 Et
375 2752 426 2829 ”l
445 2752 565 2816 ideireo
585 2764 740 2836 nmquam
755 2776 773 2814 u
791 2774 827 2815 re
848 2750 964 2815 nostris
980 2749 1164 2832 Maioribus

137 2851 197 2913 luc
208 2850 389 2927 nobilitate,
410 2852 457 2916 his
475 2853 663 2936 imaginibus
678 2856 769 2915 valde
787 2853 931 2936 indigna,
952 2851 1069 2913 liberos
1086 2873 1168 2917 suos

137 2950 392 3015 dehortebuntur
411 2974 447 3015 ec
470 2954 664 3028 abstrahent3
690 2965 856 3035 putantes,
875 2955 936 3015 hoe
954 2951 1014 3015 nisi
1030 2952 1165 3028 looiout,

137 3050 208 3117 illos
237 3053 284 3119 sie
309 3053 484 3131 nstitutus,
532 3074 658 3117 onmem
694 3075 843 3128 suorum,
879 3073 1005 3115 omnem
1035 3053 1165 3117 humani

137 3155 265 3237 generis
285 3175 393 3219 euram
416 3157 619 3232 dimissuros,
649 3174 685 3216 ae
707 3157 827 3217 nullum
843 3154 876 3216 in
895 3174 989 3216 usum
1009 3152 1166 3219 victuros.

138 3256 210 3337 Qua
233 3256 275 3318 de
304 3274 398 3317 causa
427 3256 563 3340 obsequi
588 3255 750 3318 bominum
774 3255 927 3317 voluntati
954 3265 1076 3317 eertum
1096 3265 1163 3332 est,

137 3364 170 3419 et
183 3356 246 3418 boe
264 3355 388 3430 lucere,
409 3357 498 3435 quod
510 3356 554 3419 illi
566 3368 766 3436 exspectant,
788 3369 841 3419 aut
858 3377 921 3439 ego
940 3376 1080 3436 possum.
1092 3356 1165 3435 zu)

128 3454 240 3537 ,Spero
258 3465 364 3517 nutem
386 3455 560 3531 iacturum,
588 3478 654 3519 non
676 3478 754 3537 paee
777 3460 878 3519 solnm
899 3456 1074 3532 literarum,
1103 3454 1164 3521 ned

136 3566 170 3619 et
181 3557 368 3631 commodo,
389 3559 473 3617 salva
487 3568 542 3618 out
556 3556 651 3619 etism
666 3569 755 3620 ructu
766 3558 918 3639 dignitate
935 3577 1015 3619 mea.
1053 3557 1162 3619 Pomo

137 3656 274 3721 servitus
291 3657 361 3733 illu,
388 3669 424 3720 ut
441 3659 573 3721 honesto
596 3669 660 3732 est,
687 3677 724 3718 ao
744 3657 896 3733 liberulis,
924 3657 967 3721 ita
982 3678 1001 3718 a
1018 3677 1069 3720 me
1084 3678 1163 3738 pro·

136 3757 268 3843 ponitur
281 3757 485 3838 temporarie,
504 3778 570 3819 non
581 3769 745 3839 perpetuo.
779 3757 905 3821 Deinde
920 3758 1007 3836 “**)
1020 3760 1162 3821 honores

19 3934 25 3951 ι
136 3856 214 3922 milti
237 3869 270 3921 et
292 3859 332 3921 ad
357 3857 493 3942 aliquem
515 3857 729 3921 sublimiorem
754 3860 974 3940 splendorem,
1017 3859 1163 3923 altiorem

137 3968 265 4036 sutum,
297 3958 539 4041 provectionem
560 3959 736 4040 pollicetur.
775 3962 844 4022 Neo
860 3970 895 4021 tu
913 3958 1012 4041 igitur
1030 3961 1163 4023 stultum

135 4080 189 4125 me
213 4072 306 4144 putu,
343 4059 371 4123 si
396 4060 436 4123 ad
460 4062 600 4125 honores
625 4060 771 4144 adspiro,
809 4071 864 4122 aut
891 4059 1052 4142 perditum
1076 4059 1161 4125 iuter

76 4272 124 4367 ¹⁶¹
171 4286 206 4358 ')
224 4298 382 4346 emrtuos.
428 4286 475 4356 ”l
492 4300 547 4347 Bt:
565 4302 599 4350 et.
651 4290 715 4355 ml
735 4300 795 4348 ststt
817 4307 862 4347 ant
890 4312 938 4361 spo
952 4311 1077 4365 porrum:
1105 4310 1161 4347 sor·
