2632 5086
232 756 236 761 ’
273 760 330 834 Ad
351 758 584 833 Fridericum
600 736 691 831 'Sne
715 758 812 831 Duc.
839 758 945 856 epist.
1046 768 1117 841 697

95 975 160 1017 non
180 952 309 1029 audire,
325 953 401 1016 sed
425 951 529 1032 primo
554 950 656 1011 statim
689 951 729 1012 ad
754 968 877 1033 poenam
904 950 1043 1031 rapere?
1077 956 1118 1019 ad

95 1056 282 1135 supplicium
311 1054 459 1116 ducere?
495 1053 654 1115 hominem
680 1047 916 1115 Christianum?
953 1056 1046 1136 culpa
1070 1064 1118 1119 est

94 1168 198 1219 atatem
215 1156 317 1218 omnis
330 1166 454 1229 nostra,
475 1164 569 1235 atque
587 1174 680 1214 omne
695 1151 814 1215 crimen
827 1170 897 1229 est‚·
914 1158 1116 1239 qnodEvan·

95 1257 226 1336 gelicam
254 1257 445 1331 doctrinam,
482 1253 533 1315 sui
561 1253 640 1316 lucri
664 1252 770 1315 studio
799 1256 840 1315 ab
865 1255 925 1319 illis
950 1257 1014 1335 jam
1041 1258 1117 1320 olim

96 1358 298 1441 antiquatam,
329 1374 419 1437 paene
447 1352 594 1417 abolitam
622 1353 731 1431 etiam,
765 1354 805 1418 ad
832 1376 925 1419 sunm
951 1359 1113 1440 vigorem,

95 1478 246 1541 suamquc
265 1477 419 1520 revocare
431 1456 534 1516 lucem
548 1454 651 1515 conati
668 1476 795 1517 sumus:
815 1458 1015 1523 Gerrmniam
1035 1478 1114 1521 vero

94 1568 247 1632 nostram,
268 1558 321 1619 cui
340 1556 480 1619 omnium
499 1555 587 1617 orbis
603 1554 724 1617 nationi
738 1559 872 1620 inanime
888 1558 1014 1621 libertas
1029 1579 1116 1622 com·

94 1656 191 1735 petit,
212 1657 332 1720 servire
339 1702 354 1759 3
374 1676 440 1718 non
459 1658 602 1737 patimur.
641 1655 807 1737 Displicuit
826 1661 887 1720 lroc
906 1658 960 1720 illo
980 1658 1138 1739 pastoris·-

94 1769 124 1817 at
137 1757 264 1818 Christo
285 1758 415 1836 placuit:
436 1756 545 1818 nocuit
564 1757 693 1839 perdita
706 1759 833 1819 avaritia
847 1760 997 1821 Romanae
1009 1759 1114 1833 curie,

95 1869 125 1918 at
140 1859 293 1936 prodesse
312 1857 420 1938 incipit
436 1858 563 1920 libertas
582 1858 638 1919 diu
656 1854 720 1938 jam
735 1858 826 1939 inopi
844 1858 961 1941 patrie.
998 1860 1114 1941 Neque

93 1956 205 2029 nobis,
226 1978 325 2039 quum
343 1959 493 2020 vellemus
512 1958 668 2019 inservire
689 1958 836 2035 Christo,
860 1956 1114 2042 uniuscujusque

93 2056 315 2136 cupiditatibus
345 2057 513 2137 gratificari
542 2057 645 2133 licuit;
676 2071 729 2121 aut
756 2079 854 2142 quum
873 2058 1012 2137 juranda
1032 2070 1116 2123 esset

92 2158 208 2237 patria,
235 2179 306 2219 cum
322 2158 372 2220 illa
389 2155 495 2220 faeere
512 2158 675 2237 potuimus
691 2160 947 2222 Romanistarum
964 2136 1118 2226 lactiobe.

92 2258 202 2340 ltaque
222 2280 284 2338 pax
305 2280 370 2320 non
390 2270 438 2320 est
458 2279 530 2321 cum
549 2258 601 2321 illo
621 2258 713 2322 nobis
733 2260 792 2338 (sic
807 2259 892 2322 enim
911 2258 979 2342 ipse
994 2262 1116 2337 censet)

92 2357 167 2440 qnia
196 2379 269 2419 cum
295 2358 428 2420 veritate
455 2368 512 2420 est.
559 2360 666 2438 Quare
693 2361 739 2421 sic
763 2360 852 2421 dico:
878 2359 1116 2423 obsaeviendum

91 2455 216 2521 tandem
236 2458 296 2521 illis
315 2471 380 2534 est,
401 2459 530 2539 quando
548 2468 580 2518 et
597 2458 732 2519 maxime
752 2458 916 2537 diripimur
933 2478 1009 2535 nos,
1031 2471 1063 2521 et
1080 2458 1115 2521 in

91 2580 246 2620 summum
266 2559 366 2619 evasit
395 2556 520 2618 illorum
549 2555 741 2635 improbitas.
787 2558 886 2620 Forte
906 2558 1017 2633 etiam,
1040 2557 1116 2641 quia

91 2667 216 2738 tempus
236 2676 306 2718 esse
322 2654 467 2729 videtur,
486 2665 522 2716 ut
536 2654 644 2717 visitet
658 2656 748 2721 Deus
761 2672 888 2721 omnem
902 2670 1115 2741 arrogantem,-

93 2757 149 2839 qui
168 2755 346 2839 ingreditur
366 2775 462 2849 super
481 2755 591 2829 limen,
611 2754 669 2837 qui
688 2760 824 2839 complet
842 2761 971 2822 domum
983 2759 1116 2823 Domini·

92 2857 154 2920 Dei
174 2856 340 2935 iniquitate
360 2865 393 2918 et
411 2856 506 2917 dolo:
537 2865 570 2917 et
588 2858 794 2919 conculcetur
812 2878 935 2920 corona
957 2861 1115 2939 superbiae

92 2957 255 3021 ebriomm
266 2957 407 3049 Effraim.
445 2955 585 3021 Omnino
604 2955 705 3031 enim,
726 2956 854 3019 nisime
873 2956 979 3018 omnia
996 2958 1114 3035 fallant,

90 3070 194 3139 prope
221 3068 284 3132 est,
322 3067 358 3118 ut
384 3056 435 3118 illa
461 3057 550 3119 cadat
570 3056 716 3134 Babylon
742 3075 871 3137 magna,
890 3066 1002 3123 ‚mater
1028 3076 1116 3118 scor·

93 3158 247 3221 tationnm
267 3167 299 3219 et
318 3141 585 3219 abominationum
603 3166 712 3231 terroe,
745 3176 816 3239 qnae
835 3156 979 3236 corrupit
1000 3164 1114 3217 terram

91 3260 314 3338 prostitutione
334 3257 395 3319 sui.
433 3255 510 3331 Illa,
537 3255 684 3339 inquam,
712 3258 797 3318 omni
815 3254 965 3335 spurcitia
983 3254 1112 3333 referta,

93 3360 239 3421 omnibus
259 3342 400 3420 obnoxia
420 3356 607 3430 sceleribus,
629 3358 774 3420 Romana
793 3356 900 3430 sedes,
922 3376 993 3439 ipre
1013 3375 1113 3437 quum

92 3480 111 3520 a
143 3457 261 3520 Christi
296 3452 443 3522 institutis
473 3460 569 3541 degat
601 3457 813 3529 alienissime'3
860 3454 977 3518 Christi
1009 3467 1114 3519 tamen

92 3558 195 3619 vicem
224 3555 335 3638 jactat,
364 3578 477 3641 gerere
497 3580 532 3621 se
550 3558 624 3632 hie;
651 3569 682 3618 et
701 3560 800 3619 solam
819 3554 926 3634 jactat,
955 3567 1113 3639 caputque

91 3656 240 3738 praedicat
270 3677 304 3718 se
332 3660 471 3721 ecelesiae
500 3658 706 3731 universalis3
738 3657 833 3719 immo
861 3656 927 3735 ipsa
954 3678 1026 3719 esse
1049 3659 1114 3719 lucc

92 3760 158 3819 sola
177 3758 361 3819 contendit:
396 3770 428 3818 ct
449 3780 543 3820 suum
564 3759 723 3841 quoddam
748 3756 819 3821 orbi
840 3768 975 3818 ostentat
994 3758 1115 3819 idolum

91 3869 294 3939 personatum
313 3859 399 3921 illum
417 3859 642 3940 apostolicum,
675 3858 731 3941 qni
755 3878 853 3940 quum
874 3869 986 3939 prater
1011 3856 1114 3919 saeculi

91 3978 208 4037 regna,
240 3979 277 4020 ac
306 3940 430 4021 divitias
456 3958 566 4021 mundi
593 3954 688 4037 hujus
715 3968 747 4019 et
766 3957 911 4039 corporis
936 3960 1113 4035 voluptates

91 4061 166 4122 nihil
185 4071 296 4137 curet,
328 4070 525 4143 propterque
550 4061 615 4121 haec
640 4061 720 4123 bella
744 4068 849 4136 gerat,
876 4068 909 4120 et
927 4056 1113 4139 soriguinem

91 4159 221 4235 lundat3
248 4173 352 4225 tomen
378 4163 481 4225 claves
509 4159 620 4242 objicit
646 4159 787 4221 lidelium
805 4158 923 4232 oculis,
951 4166 983 4220 et
1002 4156 1112 4217 coelum

93 4261 239 4322 claudere
275 4284 311 4323 ac
342 4261 465 4342 aperire
497 4284 561 4343 pre
593 4284 629 4326 se
661 4261 746 4326 sert:
784 4272 868 4323 tanta
903 4261 1039 4333 fillucio,
1077 4268 1113 4321 ut

91 4373 177 4425 tacta
208 4362 258 4422 illa
277 4373 308 4422 et
327 4362 463 4424 coelestia
481 4361 586 4439 pretio
608 4383 740 4443 quoque
758 4362 852 4423 nobis
871 4359 1016 4439 qnotidie
1035 4378 1111 4419 ven-
