2632 5086
1288 435 1296 447 Ι

197 791 270 863 262
403 782 408 789 ’
495 788 557 863 De
581 786 735 886 Guajsci
759 785 944 861 medicine

217 980 316 1065 Quod
348 990 385 1041 ut
418 999 485 1040 nou
519 976 688 1061 improbo,
733 978 777 1040 ita
807 978 1021 1043 necessarium
1048 999 1119 1045 esse
1146 1000 1245 1065 nego.

219 1081 391 1163 velimque
410 1078 467 1142 ubi
485 1099 553 1141 nou
571 1088 741 1160 oporteat,
759 1077 837 1142 nihii
854 1077 928 1143 addi
945 1079 994 1143 rei
1012 1077 1071 1162 per
1089 1101 1125 1145 se
1143 1092 1245 1143 tante.

217 1180 306 1262 Quid
333 1178 418 1242 enim
436 1199 553 1242 navare
573 1198 722 1258 operam,
749 1177 806 1241 ubi
829 1200 898 1243 non
917 1201 1000 1264 opus
1027 1191 1098 1258 est,
1127 1179 1245 1263 jurad?

216 1280 333 1365 Neque
352 1279 396 1343 ita
414 1278 520 1363 gravis
540 1274 675 1361 Guajaci
693 1298 790 1361 sopor
812 1291 876 1357 est,
906 1292 943 1343 ut
965 1283 1057 1345 melle
1077 1281 1245 1361 temperari

216 1368 386 1467 postulet’
405 1380 508 1443 Immo
528 1381 554 1442 si
574 1401 632 1463 per
649 1378 791 1443 medicos
809 1380 921 1458 liceat,
948 1382 1025 1445 nulli
1043 1402 1111 1446 non
1126 1394 1246 1467 gratus.

217 1482 410 1563 Quanquam
435 1479 514 1565 quid
541 1491 669 1564 oportet
693 1476 834 1544 medicos
860 1474 983 1559 dicere,
1009 1481 1066 1545 ubi
1087 1484 1128 1546 de
1146 1503 1246 1564 nuga·

218 1579 344 1643 toribus
363 1600 469 1644 senno
490 1592 547 1644 est.
592 1582 673 1645 Nam
691 1580 747 1666 qui
766 1579 853 1644 docti
871 1593 963 1658 suut,
998 1581 1120 1667 quique
1139 1583 1245 1664 periti,

218 1679 321 1765 qualis
343 1681 545 1763 oPrinceps!
563 1692 637 1745 tuus
650 1682 719 1760 iile,
737 1692 770 1745 et
784 1679 924 1745 amicitias
939 1702 1034 1746 causa
1049 1700 1138 1747 meus
1152 1684 1247 1745 ctiam

218 1782 384 1860 Stromer,
417 1793 513 1865 atque
538 1782 613 1846 item
633 1780 786 1864 Coppus,
816 1781 935 1865 etipse
956 1782 975 1845 a'
998 1782 1161 1846 medicinis
1188 1783 1245 1846 tibi

218 1882 338 1969 qualis,
358 1883 391 1947 hi
404 1883 599 1968 intelligunt,
622 1904 718 1969 quam
732 1906 799 1948 nou
814 1881 998 1958 conveniat,
1018 1894 1072 1945 aut
1085 1882 1247 1965 incognita

218 1995 353 2048 tractare
370 1985 541 2060 mutando,
563 1996 615 2047 aut
629 1986 677 2048 his
693 1985 810 2047 addere
828 1984 944 2067 quibus
969 1984 1113 2048 noudum
1133 1985 1246 2048 deesse

219 2083 340 2167 aliquid
369 2094 566 2164 compertum
593 2094 651 2146 est.
683 2073 736 2146 'ld
760 2084 850 2167 quod
876 2084 1034 2161 Stromer,
1067 2106 1247 2149 sermonem

218 2182 407 2259 habentibus
428 2182 521 2247 nobis
542 2183 583 2246 de
603 2180 747 2264 Guajaco
767 2185 938 2267 Augustae,
972 2206 1044 2249 cum
1066 2185 1156 2248 multi
1175 2196 1246 2248 ante

218 2284 410 2359 euasissent,
442 2294 478 2347 ut
502 2304 553 2347 me
581 2284 739 2347 curationi
764 2285 838 2349 huic
865 2285 1107 2364 committerem,
1140 2309 1247 2371 neque

218 2385 274 2449 uili
293 2406 356 2469 ego
376 2386 524 2450 cederem
543 2397 676 2469 propter
695 2385 745 2450 rei
763 2385 953 2463 novitatem,
974 2387 1078 2450 multis
1097 2389 1246 2470 graviter,

219 2498 255 2551 ut
280 2490 363 2551 solet
388 2486 495 2551 verbis
523 2488 661 2566 desuper
694 2486 828 2563 habitis,
864 2485 969 2550 vereri
1000 2508 1034 2548 se
1060 2488 1141 2550 dixit
1167 2491 1248 2551 salu·

219 2599 319 2651 tarem
335 2574 470 2665 Guajaei
488 2586 658 2663 virtutem,
686 2608 728 2650 ne
749 2608 812 2672 qua
831 2607 1028 2670 supervacua
1046 2589 1248 2653 indoctorum

218 2688 419 2753 medicorum
438 2688 557 2751 additio
574 2687 756 2765 infamaret,
780 2690 868 2772 quod
885 2689 912 2750 si
928 2710 995 2750 non
1008 2690 1125 2765 fuerit,
1143 2690 1255 2753 tamen

220 2789 421 2869 exploratum
431 2789 548 2853 hebere
563 2811 614 2865 se,
634 2772 709 2853 nihii
724 2811 820 2871 posse
834 2791 985 2853 adversus
1003 2789 1087 2852 hune
1100 2791 1247 2853 morbum

218 2888 385 2951 salutarius
401 2889 555 2966 inveniri,
576 2890 744 2975 effecitque
762 2902 798 2954 ut
815 2912 866 2953 me
879 2891 1096 2954 incunctanter
1111 2901 1143 2952 et
1162 2892 1249 2953 nulla

218 2987 407 3072 interposita
433 3011 523 3053 moro
556 2991 588 3053 iu
617 2990 749 3073 Guajeei
777 2991 1031 3072 experimentum
1055 2991 1250 3072 precipitem

220 3091 323 3155 stetim
349 3089 530 3173 objicerem.
575 3094 683 3175 Quare
711 3094 773 3156 hoc
796 3093 893 3154 semel
921 3089 983 3171 jam
1007 3091 1191 3172 predictum
1214 3092 1248 3154 in

219 3191 404 3257 uuiversum
425 3193 499 3256 satis
519 3214 588 3257 esse
615 3194 708 3267 volo,
737 3193 778 3255 de
797 3190 926 3256 medicis
944 3194 1006 3255 hoc
1026 3193 1058 3255 in
1080 3195 1249 3273 opusculo,

192 3332 195 3336 Δ
220 3293 348 3377 quoties
366 3312 564 3375 conquerar,
582 3296 641 3357 hos
656 3315 707 3356 me
725 3304 856 3374 putare,
879 3296 935 3376 qui
955 3295 1039 3355 nulia
1054 3293 1246 3369 eruditione,

220 3392 305 3455 nulla
323 3392 454 3474 peritia,
481 3394 552 3455 solo
571 3416 606 3456 se
625 3394 734 3469 titulo,
766 3404 797 3454 et
823 3405 930 3476 empto
953 3394 1094 3457 doctoris
1118 3394 1249 3458 nomine

220 3494 320 3573 vulgo
334 3491 504 3554 venditant.
544 3493 609 3574 Qui
621 3494 746 3558 Graecas
764 3496 881 3576 pariter
902 3512 938 3556 ac
953 3492 1080 3557 Latinas
1101 3495 1248 3576 ignorant

221 3592 347 3668 literas,
374 3612 446 3657 cum
463 3593 497 3656 in
516 3597 600 3658 nulla
619 3596 717 3679 magis
737 3595 962 3678 professione,
990 3616 1072 3677 opus
1091 3595 1132 3657 sit
1150 3595 1248 3659 literis

223 3713 260 3755 ee
278 3694 476 3773 eruditione,
504 3696 561 3780 qui
580 3718 652 3759 eum
671 3694 876 3780 indoctissirni
895 3692 977 3773 sint,
1004 3694 1096 3760 facile
1116 3697 1249 3761 Germa-

222 3816 340 3859 norum
357 3796 554 3877 simplicitate
573 3796 767 3874 abutuntur,
795 3796 922 3880 quaudo
942 3796 983 3859 de
1001 3797 1117 3862 nullius
1134 3799 1249 3881 passim

225 3898 369 3961 doctrina
382 3898 415 3959 in
426 3897 559 3961 dubium
574 3899 678 3975 veuit,
698 3899 755 3982 qui
770 3898 900 3983 quidem
911 3897 1052 3962 doctoris
1066 3899 1106 3961 sit
1118 3900 1248 3964 nomine

224 3999 405 4084 insignitus.
439 4006 601 4083 Quorsum
617 4004 682 4065 hec
700 4013 763 4065 tam
775 3999 890 4065 multis.
906 3998 965 4061 'Ut
974 4020 1025 4062 me
1037 4011 1145 4063 tuerer
1163 4000 1250 4083 opud

225 4110 274 4177 te,
294 4102 448 4186 Princeps
472 4104 608 4184 optime!
640 4115 751 4169 eontra
769 4122 825 4165 eos
841 4098 853 4175 ,'
869 4097 936 4182 {qui
953 4101 1010 4160 hac
1032 4100 1249 4163 animaduersa

227 4203 395 4267 occasione
420 4214 573 4285 possent,
614 4215 650 4265 ut
679 4224 771 4290 serpso
795 4203 866 4284 pius
896 4200 1076 4262 mordacem
1104 4200 1187 4281 apud
1217 4212 1248 4264 te

225 4304 366 4369 deterre.
404 4306 502 4383 Quod
534 4324 608 4369 cum
632 4327 734 4387 nuper
766 4304 924 4379 iacerent,
954 4302 995 4366 de
1022 4297 1248 4382 jureconsultis

226 4416 260 4469 et
277 4403 453 4488 theologis,
481 4425 620 4490 quorum
639 4405 673 4471 in
690 4404 795 4473 studia
817 4400 942 4484 ajehaut
962 4400 1179 4465 immodestius
1200 4403 1248 4466 in·
