2632 5086
396 720 444 795 ad
470 720 662 797 Albertutn
686 720 846 824 Princip.
871 726 932 801 lib.
1055 780 1057 785 -
1093 730 1176 805 ast

149 913 175 976 si
196 913 442 996 intemperanter
461 915 536 979 edat
555 936 591 978 ac
609 913 714 997 bibat,
731 902 876 983 recidere
894 916 966 983 illrlc
987 918 1185 1009 necessario.'

148 1015 260 1100 Itaque
281 1016 368 1079 cibus
385 1017 566 1080 adsumatur
579 1038 687 1100 neque
699 1016 822 1095 varius,
842 1039 948 1105 neque
962 1022 1095 1096 multus,
1115 1041 1180 1105 quo

148 1138 189 1179 ne
209 1128 362 1179 atteratur·
382 1119 577 1195 stomachus,
608 1128 638 1179 et
657 1115 848 1197 impediatur
866 1119 1014 1202 digestio.
1053 1120 1180 1184 Deinde

149 1216 190 1291 is,
220 1216 276 1299 qui
296 1228 331 1277 nt
357 1216 485 1294 monui,
515 1226 671 1283 concoctu
690 1215 790 1281 facilis
811 1217 867 1281 sit:
895 1220 1058 1283 difficulter
1084 1222 1180 1301 perfi-

148 1316 289 1391 ciuntur,
317 1316 439 1381 Plinius
464 1315 584 1402 inquit,
615 1316 721 1379 omnia
748 1316 782 1380 in
802 1317 880 1382 cibis
903 1319 1005 1395 acria,
1034 1320 1129 1383 nimia
1147 1330 1180 1383 et
1291 1366 1299 1385 t

149 1416 241 1478 avide
258 1418 385 1493 hausta,
412 1430 443 1481 et
465 1419 497 1479 in
519 1427 621 1480 aestate
641 1436 735 1501 quam
752 1418 865 1497 hyeme
886 1419 1060 1501 difficilius,
1089 1442 1127 1483 ac
1144 1422 1179 1486 in

147 1528 273 1578 senecta
288 1538 382 1600 quam
393 1518 427 1580 in
438 1516 580 1599 juventa.
620 1518 716 1598 Apud
733 1516 924 1582 Ciceronem
938 1532 1001 1597 est,
1022 1520 1079 1605 qui
1093 1534 1179 1586 caret

147 1616 245 1696 epulis
259 1620 476 1702 extractisque
496 1616 629 1696 mensis,
650 1616 919 1700 etfrequentibus
936 1612 1073 1705 poculis,
1093 1635 1180 1685 caret

148 1717 222 1778 itcrn
252 1716 444 1795 vinolentia,
478 1719 652 1793 cruditate,
683 1728 716 1779 et
739 1716 914 1781 insomniis.
961 1719 1046 1800 Quia
1073 1736 1178 1785 auteur

147 1819 310 1896 posthanc
330 1820 527 1882 curationem
542 1816 715 1881 videndum
726 1838 842 1897 corpus
857 1817 1009 1883 inanitum
1025 1822 1176 1885 hactenus

148 1927 181 1977 et
207 1928 429 1995 extenuatum,
467 1921 506 1981 ad
539 1939 573 1981 se
602 1917 714 1983 reduci
744 1918 910 2003 quomodo
935 1918 1059 2001 possit,
1098 1920 1177 1985 cibis

147 2015 282 2080 fortasse
302 2019 402 2089 clarrda
424 2040 522 2100 opera
534 2017 599 2093 bis,
619 2017 675 2103 qui
694 2032 828 2098 augent,
849 2038 886 2081 ac
902 2039 1021 2103 corpus
1035 2018 1175 2103 implent,

148 2137 214 2179 nou
243 2119 346 2180 noxiis
375 2120 451 2183 illud
470 2118 599 2209 quidem
626 2119 833 2197 humoribus,
860 2118 918 2184 sed
937 2123 1041 2206 qualia
1061 2121 1176 2188 Celsus

148 2231 370 2283 commemorat
396 2220 489 2300 primi
519 2219 597 2283 libri
610 2220 718 2301 'capite
748 2220 852 2285 tertio.
891 2220 1013 2285 Plinius
1043 2242 1176 2309 quoque

146 2310 235 2381 dicits
275 2323 459 2404 Augescunt
484 2341 622 2401 corpora
653 2316 795 2382 dulcibus
824 2328 918 2403 atque
944 2320 1115 2405 pinguibus
1143 2332 1177 2385 et

145 2430 243 2501 potu,
279 2419 460 2483 minuuntur
489 2418 579 2481 siccis
609 2433 640 2482 et
669 2419 783 2497 aridis,
819 2418 1010 2505 frigidisque
1042 2440 1080 2486 ac
1111 2417 1174 2485 siti.

146 2520 209 2583 Sed
234 2523 296 2583 hoc
320 2539 409 2585 caute
434 2521 629 2585 tractandum
649 2521 757 2597 venit,
784 2537 917 2604 propter
944 2544 982 2585 ea
1002 2540 1072 2607 quae
1091 2542 1175 2606 saepe

146 2623 234 2701 prius
262 2618 383 2681 monui.
432 2623 587 2701 Quoniam
611 2640 692 2683 vero
724 2621 957 2693 observandum
984 2642 1042 2705 per
1070 2622 1177 2688 omnia

147 2731 291 2782 ventrem
318 2719 453 2782 Galenus
480 2730 598 2788 monet.
641 2718 802 2803 Quicquid
830 2726 913 2786 enim
939 2723 1107 2809 inquiens,
1140 2724 1176 2790 in

147 2822 209 2883 hoc
230 2818 454 2900 corrumpitur,
483 2819 516 2882 id
538 2824 595 2883 toti
614 2819 801 2883 morborum
827 2822 1002 2901 putredinis
1028 2846 1120 2888 causa
1139 2810 1194 2888 lit¹

146 2920 295 3001 corpori,
320 2923 465 3002 potiones
483 2941 519 2983 ac
539 2920 628 2981 cibos
646 2922 856 2987 adsumendos
871 2923 986 2999 credo,
1007 2936 1043 2986 ut
1063 2924 1174 2989 Celsus

144 3023 258 3098 docet,
287 3022 339 3106 qul
359 3022 498 3084 simulet
520 3024 619 3099 alam,
649 3031 681 3081 et
700 3031 844 3084 ventrem
866 3021 1036 3085 emolliant.
1076 3024 1175 3105 Quod

143 3122 259 3207 siquis
279 3125 360 3186 malo
379 3121 547 3205 instigante
560 3121 682 3198 Genio,
703 3120 829 3206 impleat
847 3142 881 3183 se
901 3122 1011 3201 etiam,
1031 3136 1063 3187 et
1077 3146 1175 3208 supra

143 3246 236 3309 quam
263 3224 341 3288 l'erri
369 3224 469 3306 possit
491 3223 568 3286 cibis
595 3237 708 3286 oneret
732 3223 943 3299 stomachum,
975 3222 1174 3309 siquidemis

143 3345 255 3386 somno
274 3322 453 3406 praesidium
476 3334 579 3405 petat,
609 3324 783 3387 aradiendus
802 3322 832 3385 ei
854 3323 975 3387 Plinius
996 3338 1044 3387 est
1062 3325 1108 3388 sic
1126 3326 1173 3390 dt·

144 3443 230 3487 cens.
275 3426 393 3487 Somno
421 3431 624 3509 concoquere
650 3423 871 3506 corpulentiae,
908 3445 1004 3507 quam
1032 3426 1172 3507 llrmilcti

144 3522 267 3599 utilius,
290 3522 362 3590 ideo
382 3530 509 3592 athletas
528 3527 646 3588 malunt
665 3524 753 3586 cibos
774 3523 983 3587 ambulatione
1003 3527 1171 3605 perlicere.

146 3624 199 3687 Sin
223 3645 300 3687 vero
326 3635 361 3687 ut
379 3621 469 3687 multi¹
497 3625 649 3702 suadent,
678 3637 708 3687 et
735 3624 852 3688 Paulus
876 3625 910 3685 in
936 3626 1042 3709 primis
1060 3628 1169 3707 docet,

144 3724 317 3789 vomitione
343 3725 441 3788 levari
468 3726 623 3800 voluerit,
652 3724 911 3811 quandoquidem
932 3746 990 3807 per
1015 3726 1169 3793 verriana

141 3825 261 3909 magilis
291 3845 373 3907 saepe
401 3825 487 3889 malis
517 3824 666 3891 obstitum
688 3836 754 3901 est,
785 3825 968 3908 legetillius
992 3826 1170 3893 doctrinam

143 3950 237 4013 quem
255 3927 347 3991 facile
368 3926 439 4011 quis
459 3944 565 3990 vomat
584 3926 812 3995 ostendentem.
851 3927 949 4009 Quod
967 3926 995 3990 si
1007 3938 1168 4014 utrunque

139 4031 275 4094 istorum
293 4042 346 4092 aut
366 4029 543 4112 neglectum
565 4026 681 4102 luerit,
702 4037 756 4089 aut
771 4024 892 4091 tardius
913 4048 1006 4111 quatu
1025 4030 1171 4113 opotbrit

140 4111 313 4209 tentatrun,
359 4140 435 4192 tunc
470 4127 510 4191 ad
543 4128 729 4193 medicinam
759 4126 896 4192 fortasse
927 4132 1170 4202 recurrendum.

142 4232 265 4313 Quare,
285 4230 311 4294 si
325 4250 366 4291 eo
383 4229 564 4309 compulsus
582 4250 664 4314 ager
679 4228 734 4306 sit,
755 4248 821 4292 non
836 4230 939 4294 habco
954 4233 1045 4317 quod
1062 4234 1170 4313 pracci-

142 4332 240 4415 piam,
260 4330 320 4394 nisi
340 4332 401 4394 hoc
419 4351 501 4413 saepe
523 4336 602 4391 ime
621 4328 738 4395 dictum
753 4326 816 4414 jam
828 4332 916 4415 prius
936 4352 1013 4397 sano
1027 4352 1059 4400 et
1071 4334 1168 4400 docto

177 4467 242 4514 itan
257 4467 301 4528 ap.
320 4470 346 4518 a.
361 4468 400 4515 tu,
780 4444 826 4511 21
