<?xml version="1.0" encoding="UTF-8"?>
<!DOCTYPE html PUBLIC "-//W3C//DTD XHTML 1.0 Transitional//EN"
    "http://www.w3.org/TR/xhtml1/DTD/xhtml1-transitional.dtd">
<html xmlns="http://www.w3.org/1999/xhtml" xml:lang="en" lang="en">
 <head>
  <title>
</title>
<meta http-equiv="Content-Type" content="text/html;charset=utf-8" />
  <meta name='ocr-system' content='tesseract 3.04.00' />
  <meta name='ocr-capabilities' content='ocr_page ocr_carea ocr_par ocr_line ocrx_word'/>
</head>
<body>
  <div class='ocr_page' id='page_1' title='image "./ulrichiabhutten02mngoog_0474.png"; bbox 0 0 2632 5086; ppageno 0'>
   <div class='ocr_carea' id='block_1_1' title="bbox 211 733 987 844">
    <p class='ocr_par' dir='ltr' id='par_1_1' title="bbox 211 733 987 844">
     <span class='ocr_line' id='line_1_1' title="bbox 211 733 987 844; baseline -0.005 -22"><span class='ocrx_word' id='word_1_1' title='bbox 211 733 284 822; x_wconf 69' lang='lat' dir='ltr'>iil</span> <span class='ocrx_word' id='word_1_2' title='bbox 473 744 581 821; x_wconf 84' lang='lat' dir='ltr'>Trim</span> <span class='ocrx_word' id='word_1_3' title='bbox 606 742 777 818; x_wconf 83' lang='lat' dir='ltr'>Romans</span> <span class='ocrx_word' id='word_1_4' title='bbox 799 742 987 844; x_wconf 77' lang='lat' dir='ltr'><strong>Dialogus.</strong></span> 
     </span>
    </p>
   </div>
   <div class='ocr_carea' id='block_1_2' title="bbox 209 935 1249 1519">
    <p class='ocr_par' dir='ltr' id='par_1_2' title="bbox 209 935 1249 1519">
     <span class='ocr_line' id='line_1_2' title="bbox 210 935 1248 1021; baseline -0.002 -18"><span class='ocrx_word' id='word_1_5' title='bbox 210 936 370 1003; x_wconf 73' lang='lat' dir='ltr'><strong>demortui</strong></span> <span class='ocrx_word' id='word_1_6' title='bbox 396 937 586 1012; x_wconf 77' lang='lat' dir='ltr'>sacerdotis,</span> <span class='ocrx_word' id='word_1_7' title='bbox 618 935 863 999; x_wconf 77' lang='lat' dir='ltr'>decernentibus</span> <span class='ocrx_word' id='word_1_8' title='bbox 889 935 1106 1012; x_wconf 80' lang='lat' dir='ltr'>concordatis,</span> <span class='ocrx_word' id='word_1_9' title='bbox 1125 960 1143 1001; x_wconf 91' lang='lat' dir='ltr'>a</span> <span class='ocrx_word' id='word_1_10' title='bbox 1162 960 1248 1021; x_wconf 89' lang='lat' dir='ltr'>pon·</span> 
     </span>
     <span class='ocr_line' id='line_1_3' title="bbox 210 1037 1249 1122; baseline -0.001 -20"><span class='ocrx_word' id='word_1_11' title='bbox 210 1039 295 1102; x_wconf 85' lang='lat' dir='ltr'>tilice</span> <span class='ocrx_word' id='word_1_12' title='bbox 314 1038 507 1118; x_wconf 82' lang='lat' dir='ltr'>impetranda</span> <span class='ocrx_word' id='word_1_13' title='bbox 526 1038 676 1114; x_wconf 87' lang='lat' dir='ltr'>veniunt,</span> <span class='ocrx_word' id='word_1_14' title='bbox 697 1048 729 1099; x_wconf 89' lang='lat' dir='ltr'>et</span> <span class='ocrx_word' id='word_1_15' title='bbox 747 1039 944 1101; x_wconf 78' lang='lat' dir='ltr'>avarissimus</span> <span class='ocrx_word' id='word_1_16' title='bbox 963 1037 1013 1101; x_wconf 91' lang='lat' dir='ltr'>hic</span> <span class='ocrx_word' id='word_1_17' title='bbox 1032 1038 1170 1122; x_wconf 83' lang='lat' dir='ltr'>quisque</span> <span class='ocrx_word' id='word_1_18' title='bbox 1184 1042 1249 1102; x_wconf 89' lang='lat' dir='ltr'>hoc</span> 
     </span>
     <span class='ocr_line' id='line_1_4' title="bbox 210 1139 1249 1223; baseline 0.001 -22"><span class='ocrx_word' id='word_1_19' title='bbox 210 1139 353 1221; x_wconf 76' lang='lat' dir='ltr'>inprimis</span> <span class='ocrx_word' id='word_1_20' title='bbox 375 1150 481 1214; x_wconf 87' lang='lat' dir='ltr'>cavet,</span> <span class='ocrx_word' id='word_1_21' title='bbox 508 1150 543 1201; x_wconf 86' lang='lat' dir='ltr'>ut</span> <span class='ocrx_word' id='word_1_22' title='bbox 562 1140 618 1200; x_wconf 83' lang='lat' dir='ltr'>hac</span> <span class='ocrx_word' id='word_1_23' title='bbox 638 1142 734 1202; x_wconf 83' lang='lat' dir='ltr'>classe</span> <span class='ocrx_word' id='word_1_24' title='bbox 754 1152 936 1213; x_wconf 78' lang='lat' dir='ltr'>censeatur,</span> <span class='ocrx_word' id='word_1_25' title='bbox 965 1150 1134 1220; x_wconf 83' lang='lat' dir='ltr'>propterea</span> <span class='ocrx_word' id='word_1_26' title='bbox 1152 1143 1249 1223; x_wconf 86' lang='lat' dir='ltr'>quod</span> 
     </span>
     <span class='ocr_line' id='line_1_5' title="bbox 210 1238 1248 1323; baseline -0.001 -20"><span class='ocrx_word' id='word_1_27' title='bbox 210 1239 241 1303; x_wconf 84' lang='lat' dir='ltr'>hi</span> <span class='ocrx_word' id='word_1_28' title='bbox 261 1238 423 1320; x_wconf 79' lang='lat' dir='ltr'>propiori,</span> <span class='ocrx_word' id='word_1_29' title='bbox 452 1260 547 1323; x_wconf 89' lang='lat' dir='ltr'>quam</span> <span class='ocrx_word' id='word_1_30' title='bbox 567 1238 688 1312; x_wconf 81' lang='lat' dir='ltr'>crateri,</span> <span class='ocrx_word' id='word_1_31' title='bbox 718 1239 836 1320; x_wconf 85' lang='lat' dir='ltr'>gradu,</span> <span class='ocrx_word' id='word_1_32' title='bbox 869 1241 985 1323; x_wconf 82' lang='lat' dir='ltr'>aliquid</span> <span class='ocrx_word' id='word_1_33' title='bbox 1008 1242 1118 1301; x_wconf 83' lang='lat' dir='ltr'>liomae</span> <span class='ocrx_word' id='word_1_34' title='bbox 1143 1240 1248 1322; x_wconf 88' lang='lat' dir='ltr'>impe·</span> 
     </span>
     <span class='ocr_line' id='line_1_6' title="bbox 211 1330 1248 1426; baseline 0.001 -24"><span class='ocrx_word' id='word_1_35' title='bbox 211 1351 310 1411; x_wconf 80' lang='lat' dir='ltr'>nunt,</span> <span class='ocrx_word' id='word_1_36' title='bbox 329 1342 447 1401; x_wconf 87' lang='lat' dir='ltr'>factum</span> <span class='ocrx_word' id='word_1_37' title='bbox 466 1349 531 1414; x_wconf 91' lang='lat' dir='ltr'>est,</span> <span class='ocrx_word' id='word_1_38' title='bbox 557 1330 593 1400; x_wconf 92' lang='lat' dir='ltr'>ut</span> <span class='ocrx_word' id='word_1_39' title='bbox 613 1338 782 1402; x_wconf 89' lang='lat' dir='ltr'>immensus</span> <span class='ocrx_word' id='word_1_40' title='bbox 802 1338 841 1401; x_wconf 91' lang='lat' dir='ltr'>sit</span> <span class='ocrx_word' id='word_1_41' title='bbox 859 1360 972 1403; x_wconf 91' lang='lat' dir='ltr'>eorum</span> <span class='ocrx_word' id='word_1_42' title='bbox 991 1360 1162 1416; x_wconf 88' lang='lat' dir='ltr'>numerus,</span> <span class='ocrx_word' id='word_1_43' title='bbox 1189 1341 1248 1426; x_wconf 90' lang='lat' dir='ltr'>qui</span> 
     </span>
     <span class='ocr_line' id='line_1_7' title="bbox 209 1438 941 1519; baseline 0 -16"><span class='ocrx_word' id='word_1_44' title='bbox 209 1438 421 1503; x_wconf 76' lang='lat' dir='ltr'>familiaritatis</span> <span class='ocrx_word' id='word_1_45' title='bbox 441 1438 569 1501; x_wconf 90' lang='lat' dir='ltr'>nomine</span> <span class='ocrx_word' id='word_1_46' title='bbox 584 1440 719 1502; x_wconf 84' lang='lat' dir='ltr'>Romam</span> <span class='ocrx_word' id='word_1_47' title='bbox 739 1442 941 1519; x_wconf 87' lang='lat' dir='ltr'>locupletant.</span> 
     </span>
    </p>
   </div>
   <div class='ocr_carea' id='block_1_3' title="bbox 210 1557 1243 1843">
    <p class='ocr_par' dir='ltr' id='par_1_3' title="bbox 210 1557 1243 1843">
     <span class='ocr_line' id='line_1_8' title="bbox 628 1557 827 1618; baseline 0.01 -2"><span class='ocrx_word' id='word_1_48' title='bbox 628 1557 656 1616; x_wconf 90' lang='lat' dir='ltr'><strong>E</strong></span> <span class='ocrx_word' id='word_1_49' title='bbox 665 1578 709 1617; x_wconf 89' lang='lat' dir='ltr'>rn</span> <span class='ocrx_word' id='word_1_50' title='bbox 717 1558 738 1618; x_wconf 93' lang='lat' dir='ltr'>h</span> <span class='ocrx_word' id='word_1_51' title='bbox 746 1577 766 1618; x_wconf 94' lang='grc' dir='ltr'>ο</span> <span class='ocrx_word' id='word_1_52' title='bbox 775 1559 784 1618; x_wconf 87' lang='grc' dir='ltr'>Ι</span> <span class='ocrx_word' id='word_1_53' title='bbox 795 1557 827 1618; x_wconf 90' lang='lat' dir='ltr'>d.</span> 
     </span>
     <span class='ocr_line' id='line_1_9' title="bbox 285 1642 1243 1741; baseline 0 -23"><span class='ocrx_word' id='word_1_54' title='bbox 285 1657 329 1718; x_wconf 83' lang='lat' dir='ltr'>At</span> <span class='ocrx_word' id='word_1_55' title='bbox 346 1642 432 1731; x_wconf 88' lang='lat' dir='ltr'>vidi,</span> <span class='ocrx_word' id='word_1_56' title='bbox 453 1656 509 1741; x_wconf 88' lang='lat' dir='ltr'>qui</span> <span class='ocrx_word' id='word_1_57' title='bbox 528 1654 697 1718; x_wconf 81' lang='lat' dir='ltr'>familiares</span> <span class='ocrx_word' id='word_1_58' title='bbox 717 1669 823 1733; x_wconf 85' lang='lat' dir='ltr'>erant,</span> <span class='ocrx_word' id='word_1_59' title='bbox 843 1677 949 1720; x_wconf 86' lang='lat' dir='ltr'>emere</span> <span class='ocrx_word' id='word_1_60' title='bbox 969 1667 1000 1717; x_wconf 87' lang='lat' dir='ltr'>et</span> <span class='ocrx_word' id='word_1_61' title='bbox 1015 1655 1102 1736; x_wconf 89' lang='lat' dir='ltr'>ipsos</span> <span class='ocrx_word' id='word_1_62' title='bbox 1116 1655 1243 1733; x_wconf 66' lang='lat' dir='ltr'>Rome,</span> 
     </span>
     <span class='ocr_line' id='line_1_10' title="bbox 210 1756 669 1843; baseline 0 -22"><span class='ocrx_word' id='word_1_63' title='bbox 210 1769 246 1821; x_wconf 89' lang='lat' dir='ltr'>ut</span> <span class='ocrx_word' id='word_1_64' title='bbox 264 1757 341 1820; x_wconf 80' lang='lat' dir='ltr'>alios</span> <span class='ocrx_word' id='word_1_65' title='bbox 362 1779 432 1843; x_wconf 85' lang='lat' dir='ltr'>quae</span> <span class='ocrx_word' id='word_1_66' title='bbox 451 1756 669 1840; x_wconf 84' lang='lat' dir='ltr'>impetrabant.</span> 
     </span>
    </p>
   </div>
   <div class='ocr_carea' id='block_1_4' title="bbox 121 1875 1247 2161">
    <p class='ocr_par' dir='ltr' id='par_1_4' title="bbox 121 1875 1247 2161">
     <span class='ocr_line' id='line_1_11' title="bbox 644 1875 804 1935; baseline -0.013 0"><span class='ocrx_word' id='word_1_67' title='bbox 644 1875 804 1935; x_wconf 89' lang='lat' dir='ltr'>Hutten.</span> 
     </span>
     <span class='ocr_line' id='line_1_12' title="bbox 285 1971 1247 2056; baseline 0.001 -19"><span class='ocrx_word' id='word_1_68' title='bbox 285 1975 404 2037; x_wconf 84' lang='lat' dir='ltr'>Emunt</span> <span class='ocrx_word' id='word_1_69' title='bbox 422 1975 453 2035; x_wconf 87' lang='lat' dir='ltr'>et</span> <span class='ocrx_word' id='word_1_70' title='bbox 471 1973 548 2054; x_wconf 88' lang='lat' dir='ltr'>ipsi,</span> <span class='ocrx_word' id='word_1_71' title='bbox 585 1974 656 2056; x_wconf 84' lang='lat' dir='ltr'>quis</span> <span class='ocrx_word' id='word_1_72' title='bbox 677 1975 758 2036; x_wconf 92' lang='lat' dir='ltr'>enim</span> <span class='ocrx_word' id='word_1_73' title='bbox 779 1972 877 2056; x_wconf 81' lang='lat' dir='ltr'>gratis</span> <span class='ocrx_word' id='word_1_74' title='bbox 897 1971 1011 2052; x_wconf 88' lang='lat' dir='ltr'>accipit</span> <span class='ocrx_word' id='word_1_75' title='bbox 1028 1972 1166 2034; x_wconf 81' lang='lat' dir='ltr'>Romae?</span> <span class='ocrx_word' id='word_1_76' title='bbox 1187 1974 1247 2038; x_wconf 87' lang='lat' dir='ltr'>sed</span> 
     </span>
     <span class='ocr_line' id='line_1_13' title="bbox 121 2071 1077 2161; baseline -0.006 -23"><span class='ocrx_word' id='word_1_77' title='bbox 121 2156 124 2161; x_wconf 19' lang='grc' dir='ltr'>ι</span> <span class='ocrx_word' id='word_1_78' title='bbox 208 2074 271 2138; x_wconf 88' lang='lat' dir='ltr'>nisi</span> <span class='ocrx_word' id='word_1_79' title='bbox 287 2073 454 2136; x_wconf 79' lang='lat' dir='ltr'>familiares</span> <span class='ocrx_word' id='word_1_80' title='bbox 475 2084 596 2149; x_wconf 83' lang='lat' dir='ltr'>essent,</span> <span class='ocrx_word' id='word_1_81' title='bbox 618 2095 723 2136; x_wconf 89' lang='lat' dir='ltr'>emere</span> <span class='ocrx_word' id='word_1_82' title='bbox 743 2073 788 2134; x_wconf 88' lang='lat' dir='ltr'>sic</span> <span class='ocrx_word' id='word_1_83' title='bbox 807 2073 852 2134; x_wconf 88' lang='lat' dir='ltr'>eis</span> <span class='ocrx_word' id='word_1_84' title='bbox 871 2092 938 2134; x_wconf 90' lang='lat' dir='ltr'>non</span> <span class='ocrx_word' id='word_1_85' title='bbox 957 2071 1077 2133; x_wconf 89' lang='lat' dir='ltr'>liceret.</span> 
     </span>
    </p>
   </div>
   <div class='ocr_carea' id='block_1_5' title="bbox 205 2190 1248 2791">
    <p class='ocr_par' dir='ltr' id='par_1_5' title="bbox 205 2190 1248 2791">
     <span class='ocr_line' id='line_1_14' title="bbox 624 2190 1248 2279; baseline 0.006 -29"><span class='ocrx_word' id='word_1_86' title='bbox 624 2190 819 2279; x_wconf 83' lang='lat' dir='ltr'>Ernhold.</span> <span class='ocrx_word' id='word_1_87' title='bbox 1244 2268 1248 2275; x_wconf 31' lang='grc' dir='ltr'>Ι</span> 
     </span>
     <span class='ocr_line' id='line_1_15' title="bbox 225 2303 1245 2388; baseline 0.001 -21"><span class='ocrx_word' id='word_1_88' title='bbox 225 2367 234 2377; x_wconf 78' lang='grc'><strong>,</strong></span> <span class='ocrx_word' id='word_1_89' title='bbox 282 2304 329 2375; x_wconf 85' lang='lat' dir='ltr'>lta</span> <span class='ocrx_word' id='word_1_90' title='bbox 346 2305 549 2388; x_wconf 81' lang='lat' dir='ltr'>privilegium</span> <span class='ocrx_word' id='word_1_91' title='bbox 568 2317 617 2368; x_wconf 87' lang='lat' dir='ltr'>est</span> <span class='ocrx_word' id='word_1_92' title='bbox 635 2307 691 2368; x_wconf 90' lang='lat' dir='ltr'>uni</span> <span class='ocrx_word' id='word_1_93' title='bbox 711 2307 840 2380; x_wconf 83' lang='lat' dir='ltr'>Romae,</span> <span class='ocrx_word' id='word_1_94' title='bbox 860 2303 1043 2367; x_wconf 84' lang='lat' dir='ltr'>simonismo</span> <span class='ocrx_word' id='word_1_95' title='bbox 1067 2305 1115 2366; x_wconf 84' lang='lat' dir='ltr'>uti</span> <span class='ocrx_word' id='word_1_96' title='bbox 1133 2325 1245 2386; x_wconf 86' lang='lat' dir='ltr'>posse,</span> 
     </span>
     <span class='ocr_line' id='line_1_16' title="bbox 206 2390 1245 2490; baseline -0.003 -19"><span class='ocrx_word' id='word_1_97' title='bbox 206 2390 279 2485; x_wconf 71' lang='lat' dir='ltr'>alibi</span> <span class='ocrx_word' id='word_1_98' title='bbox 299 2407 459 2490; x_wconf 80' lang='lat' dir='ltr'>piaculum</span> <span class='ocrx_word' id='word_1_99' title='bbox 475 2417 524 2469; x_wconf 87' lang='lat' dir='ltr'>est</span> <span class='ocrx_word' id='word_1_100' title='bbox 539 2409 602 2468; x_wconf 88' lang='lat' dir='ltr'>hoc</span> <span class='ocrx_word' id='word_1_101' title='bbox 621 2405 874 2487; x_wconf 85' lang='lat' dir='ltr'>incomparabile.</span> <span class='ocrx_word' id='word_1_102' title='bbox 924 2407 988 2468; x_wconf 89' lang='lat' dir='ltr'>Sed</span> <span class='ocrx_word' id='word_1_103' title='bbox 1008 2404 1063 2468; x_wconf 91' lang='lat' dir='ltr'>ubi</span> <span class='ocrx_word' id='word_1_104' title='bbox 1080 2407 1245 2484; x_wconf 86' lang='lat' dir='ltr'>interdum</span> 
     </span>
     <span class='ocr_line' id='line_1_17' title="bbox 206 2506 1244 2589; baseline -0.003 -15"><span class='ocrx_word' id='word_1_105' title='bbox 206 2507 299 2574; x_wconf 85' lang='lat' dir='ltr'>multi</span> <span class='ocrx_word' id='word_1_106' title='bbox 328 2507 419 2571; x_wconf 84' lang='lat' dir='ltr'>simul</span> <span class='ocrx_word' id='word_1_107' title='bbox 448 2518 642 2570; x_wconf 90' lang='lat' dir='ltr'>concurrunt</span> <span class='ocrx_word' id='word_1_108' title='bbox 671 2506 865 2583; x_wconf 77' lang='lat' dir='ltr'>familiares,</span> <span class='ocrx_word' id='word_1_109' title='bbox 897 2507 968 2589; x_wconf 88' lang='lat' dir='ltr'>quis</span> <span class='ocrx_word' id='word_1_110' title='bbox 1001 2506 1244 2585; x_wconf 74' lang='lat' dir='ltr'>contentionem</span> 
     </span>
     <span class='ocr_line' id='line_1_18' title="bbox 206 2606 1243 2692; baseline 0.002 -23"><span class='ocrx_word' id='word_1_111' title='bbox 206 2626 278 2669; x_wconf 75' lang='lat' dir='ltr'>erm</span> <span class='ocrx_word' id='word_1_112' title='bbox 297 2606 439 2670; x_wconf 76' lang='lat' dir='ltr'>dirimit?</span> <span class='ocrx_word' id='word_1_113' title='bbox 464 2607 599 2686; x_wconf 89' lang='lat' dir='ltr'>pecunia</span> <span class='ocrx_word' id='word_1_114' title='bbox 619 2606 772 2680; x_wconf 86' lang='lat' dir='ltr'>arbitror,</span> <span class='ocrx_word' id='word_1_115' title='bbox 801 2628 894 2690; x_wconf 87' lang='lat' dir='ltr'>quam</span> <span class='ocrx_word' id='word_1_116' title='bbox 916 2606 971 2689; x_wconf 89' lang='lat' dir='ltr'>qui</span> <span class='ocrx_word' id='word_1_117' title='bbox 991 2607 1115 2670; x_wconf 87' lang='lat' dir='ltr'>dederit</span> <span class='ocrx_word' id='word_1_118' title='bbox 1137 2606 1243 2692; x_wconf 86' lang='lat' dir='ltr'>majo·</span> 
     </span>
     <span class='ocr_line' id='line_1_19' title="bbox 205 2706 1081 2791; baseline -0.001 -22"><span class='ocrx_word' id='word_1_119' title='bbox 205 2726 289 2782; x_wconf 81' lang='lat' dir='ltr'>rem,</span> <span class='ocrx_word' id='word_1_120' title='bbox 311 2707 519 2770; x_wconf 73' lang='lat' dir='ltr'>sollicitatus</span> <span class='ocrx_word' id='word_1_121' title='bbox 538 2707 663 2772; x_wconf 85' lang='lat' dir='ltr'>maximi</span> <span class='ocrx_word' id='word_1_122' title='bbox 683 2707 779 2769; x_wconf 86' lang='lat' dir='ltr'>fuerit</span> <span class='ocrx_word' id='word_1_123' title='bbox 798 2707 941 2791; x_wconf 88' lang='lat' dir='ltr'>reliquos</span> <span class='ocrx_word' id='word_1_124' title='bbox 962 2706 1081 2770; x_wconf 82' lang='lat' dir='ltr'>vincit?</span> 
     </span>
    </p>
   </div>
   <div class='ocr_carea' id='block_1_6' title="bbox 642 2825 807 2888">
    <p class='ocr_par' dir='ltr' id='par_1_6' title="bbox 642 2825 807 2888">
     <span class='ocr_line' id='line_1_20' title="bbox 642 2825 807 2888; baseline -0.006 -1"><span class='ocrx_word' id='word_1_125' title='bbox 642 2825 807 2888; x_wconf 87' lang='lat' dir='ltr'>Hutten.</span> 
     </span>
    </p>
   </div>
   <div class='ocr_carea' id='block_1_7' title="bbox 180 2939 1242 4213">
    <p class='ocr_par' dir='ltr' id='par_1_7' title="bbox 180 2939 1242 4213">
     <span class='ocr_line' id='line_1_21' title="bbox 261 2939 1242 3037; baseline 0.001 -34"><span class='ocrx_word' id='word_1_126' title='bbox 261 2942 406 3004; x_wconf 70' lang='lat' dir='ltr'>‘Verum</span> <span class='ocrx_word' id='word_1_127' title='bbox 426 2942 511 3005; x_wconf 79' lang='lat' dir='ltr'>haud</span> <span class='ocrx_word' id='word_1_128' title='bbox 528 2942 570 3037; x_wconf 64' lang='lat' dir='ltr'>ita</span> <span class='ocrx_word' id='word_1_129' title='bbox 590 2942 652 3003; x_wconf 88' lang='lat' dir='ltr'>cito</span> <span class='ocrx_word' id='word_1_130' title='bbox 673 2942 788 3017; x_wconf 88' lang='lat' dir='ltr'>vincit,</span> <span class='ocrx_word' id='word_1_131' title='bbox 821 2939 908 3022; x_wconf 87' lang='lat' dir='ltr'>prius</span> <span class='ocrx_word' id='word_1_132' title='bbox 935 2939 1019 3001; x_wconf 89' lang='lat' dir='ltr'>enim</span> <span class='ocrx_word' id='word_1_133' title='bbox 1039 2959 1242 3020; x_wconf 83' lang='lat' dir='ltr'>cognoscere</span> 
     </span>
     <span class='ocr_line' id='line_1_22' title="bbox 205 3041 1240 3126; baseline 0.001 -21"><span class='ocrx_word' id='word_1_134' title='bbox 205 3054 351 3125; x_wconf 86' lang='lat' dir='ltr'>oportet,</span> <span class='ocrx_word' id='word_1_135' title='bbox 385 3044 514 3126; x_wconf 87' lang='lat' dir='ltr'>qnando</span> <span class='ocrx_word' id='word_1_136' title='bbox 543 3041 647 3108; x_wconf 86' lang='lat' dir='ltr'>multis</span> <span class='ocrx_word' id='word_1_137' title='bbox 679 3042 763 3104; x_wconf 88' lang='lat' dir='ltr'>idem</span> <span class='ocrx_word' id='word_1_138' title='bbox 789 3042 934 3124; x_wconf 79' lang='lat' dir='ltr'>promisit</span> <span class='ocrx_word' id='word_1_139' title='bbox 966 3042 1131 3122; x_wconf 83' lang='lat' dir='ltr'>pontifex,</span> <span class='ocrx_word' id='word_1_140' title='bbox 1166 3045 1240 3126; x_wconf 88' lang='lat' dir='ltr'>quis</span> 
     </span>
     <span class='ocr_line' id='line_1_23' title="bbox 205 3142 1240 3226; baseline -0.001 -19"><span class='ocrx_word' id='word_1_141' title='bbox 205 3144 403 3226; x_wconf 89' lang='lat' dir='ltr'>potissimum</span> <span class='ocrx_word' id='word_1_142' title='bbox 422 3143 558 3219; x_wconf 86' lang='lat' dir='ltr'>auferat,</span> <span class='ocrx_word' id='word_1_143' title='bbox 580 3155 616 3206; x_wconf 88' lang='lat' dir='ltr'>ut</span> <span class='ocrx_word' id='word_1_144' title='bbox 630 3143 657 3205; x_wconf 90' lang='lat' dir='ltr'>si</span> <span class='ocrx_word' id='word_1_145' title='bbox 669 3143 783 3225; x_wconf 82' lang='lat' dir='ltr'>gratias</span> <span class='ocrx_word' id='word_1_146' title='bbox 802 3145 854 3205; x_wconf 82' lang='lat' dir='ltr'>ille</span> <span class='ocrx_word' id='word_1_147' title='bbox 864 3142 937 3217; x_wconf 84' lang='lat' dir='ltr'>det,</span> <span class='ocrx_word' id='word_1_148' title='bbox 959 3163 1029 3224; x_wconf 83' lang='lat' dir='ltr'>quac</span> <span class='ocrx_word' id='word_1_149' title='bbox 1048 3142 1152 3217; x_wconf 83' lang='lat' dir='ltr'>fraus,</span> <span class='ocrx_word' id='word_1_150' title='bbox 1171 3165 1240 3226; x_wconf 88' lang='lat' dir='ltr'>quo</span> 
     </span>
     <span class='ocr_line' id='line_1_24' title="bbox 205 3243 1239 3327; baseline -0.001 -20"><span class='ocrx_word' id='word_1_151' title='bbox 205 3246 354 3327; x_wconf 89' lang='lat' dir='ltr'>ponenda</span> <span class='ocrx_word' id='word_1_152' title='bbox 381 3245 420 3306; x_wconf 89' lang='lat' dir='ltr'>sit</span> <span class='ocrx_word' id='word_1_153' title='bbox 451 3247 544 3319; x_wconf 92' lang='lat' dir='ltr'>loco,</span> <span class='ocrx_word' id='word_1_154' title='bbox 578 3265 645 3306; x_wconf 88' lang='lat' dir='ltr'>non</span> <span class='ocrx_word' id='word_1_155' title='bbox 671 3244 812 3307; x_wconf 82' lang='lat' dir='ltr'>invenio.</span> <span class='ocrx_word' id='word_1_156' title='bbox 851 3243 928 3305; x_wconf 87' lang='lat' dir='ltr'>Vidi</span> <span class='ocrx_word' id='word_1_157' title='bbox 950 3244 1053 3304; x_wconf 90' lang='lat' dir='ltr'>multis</span> <span class='ocrx_word' id='word_1_158' title='bbox 1075 3255 1122 3306; x_wconf 89' lang='lat' dir='ltr'>ter</span> <span class='ocrx_word' id='word_1_159' title='bbox 1139 3246 1239 3320; x_wconf 87' lang='lat' dir='ltr'>datas,</span> 
     </span>
     <span class='ocr_line' id='line_1_25' title="bbox 204 3345 1241 3430; baseline 0.001 -23"><span class='ocrx_word' id='word_1_160' title='bbox 204 3345 365 3430; x_wconf 82' lang='lat' dir='ltr'>totiesque</span> <span class='ocrx_word' id='word_1_161' title='bbox 384 3346 566 3426; x_wconf 84' lang='lat' dir='ltr'>paulopost</span> <span class='ocrx_word' id='word_1_162' title='bbox 584 3356 767 3421; x_wconf 83' lang='lat' dir='ltr'>revocatas,</span> <span class='ocrx_word' id='word_1_163' title='bbox 803 3356 836 3407; x_wconf 90' lang='lat' dir='ltr'>et</span> <span class='ocrx_word' id='word_1_164' title='bbox 854 3356 929 3406; x_wconf 88' lang='lat' dir='ltr'>tunc</span> <span class='ocrx_word' id='word_1_165' title='bbox 949 3345 1068 3427; x_wconf 80' lang='lat' dir='ltr'>aliquid</span> <span class='ocrx_word' id='word_1_166' title='bbox 1088 3347 1241 3408; x_wconf 84' lang='lat' dir='ltr'>causaba-</span> 
     </span>
     <span class='ocr_line' id='line_1_26' title="bbox 180 3445 1240 3528; baseline 0.003 -21"><span class='ocrx_word' id='word_1_167' title='bbox 180 3462 185 3473; x_wconf 83' lang='lat'><strong>·</strong></span> <span class='ocrx_word' id='word_1_168' title='bbox 205 3455 259 3509; x_wconf 86' lang='lat' dir='ltr'>tur</span> <span class='ocrx_word' id='word_1_169' title='bbox 282 3445 510 3519; x_wconf 78' lang='lat' dir='ltr'>sanctissimus,</span> <span class='ocrx_word' id='word_1_170' title='bbox 530 3463 588 3509; x_wconf 82' lang='lat' dir='ltr'>cnr</span> <span class='ocrx_word' id='word_1_171' title='bbox 607 3446 831 3528; x_wconf 84' lang='lat' dir='ltr'>benignitatem</span> <span class='ocrx_word' id='word_1_172' title='bbox 849 3456 1123 3508; x_wconf 85' lang='lat' dir='ltr'>suam-retractam</span> <span class='ocrx_word' id='word_1_173' title='bbox 1142 3446 1183 3507; x_wconf 85' lang='lat' dir='ltr'>ad</span> <span class='ocrx_word' id='word_1_174' title='bbox 1202 3468 1240 3510; x_wconf 88' lang='lat' dir='ltr'>se</span> 
     </span>
     <span class='ocr_line' id='line_1_27' title="bbox 205 3545 1240 3626; baseline 0.002 -19"><span class='ocrx_word' id='word_1_175' title='bbox 205 3547 377 3609; x_wconf 84' lang='lat' dir='ltr'>clauderet.</span> <span class='ocrx_word' id='word_1_176' title='bbox 430 3546 495 3608; x_wconf 85' lang='lat' dir='ltr'>Sed</span> <span class='ocrx_word' id='word_1_177' title='bbox 522 3545 664 3606; x_wconf 92' lang='lat' dir='ltr'>omnium</span> <span class='ocrx_word' id='word_1_178' title='bbox 688 3546 822 3608; x_wconf 84' lang='lat' dir='ltr'>maxime</span> <span class='ocrx_word' id='word_1_179' title='bbox 841 3545 910 3606; x_wconf 82' lang='lat' dir='ltr'>lites</span> <span class='ocrx_word' id='word_1_180' title='bbox 931 3567 1001 3608; x_wconf 85' lang='lat' dir='ltr'>esse</span> <span class='ocrx_word' id='word_1_181' title='bbox 1020 3547 1105 3626; x_wconf 87' lang='lat' dir='ltr'>apud</span> <span class='ocrx_word' id='word_1_182' title='bbox 1125 3547 1240 3609; x_wconf 87' lang='lat' dir='ltr'>urbem</span> 
     </span>
     <span class='ocr_line' id='line_1_28' title="bbox 207 3645 1241 3728; baseline -0.002 -18"><span class='ocrx_word' id='word_1_183' title='bbox 207 3648 344 3710; x_wconf 84' lang='lat' dir='ltr'>Romam</span> <span class='ocrx_word' id='word_1_184' title='bbox 367 3645 514 3724; x_wconf 85' lang='lat' dir='ltr'>expedit,</span> <span class='ocrx_word' id='word_1_185' title='bbox 545 3661 663 3728; x_wconf 83' lang='lat' dir='ltr'>augent</span> <span class='ocrx_word' id='word_1_186' title='bbox 688 3645 772 3708; x_wconf 91' lang='lat' dir='ltr'>enim</span> <span class='ocrx_word' id='word_1_187' title='bbox 800 3648 981 3708; x_wconf 87' lang='lat' dir='ltr'>Romanum</span> <span class='ocrx_word' id='word_1_188' title='bbox 1007 3647 1169 3722; x_wconf 68' lang='lat' dir='ltr'>serarium,</span> <span class='ocrx_word' id='word_1_189' title='bbox 1202 3659 1241 3710; x_wconf 91' lang='lat' dir='ltr'>ut</span> 
     </span>
     <span class='ocr_line' id='line_1_29' title="bbox 205 3744 1239 3830; baseline 0.001 -21"><span class='ocrx_word' id='word_1_190' title='bbox 205 3747 263 3809; x_wconf 80' lang='lat' dir='ltr'>vix</span> <span class='ocrx_word' id='word_1_191' title='bbox 282 3746 384 3821; x_wconf 89' lang='lat' dir='ltr'>aliud,</span> <span class='ocrx_word' id='word_1_192' title='bbox 410 3744 515 3829; x_wconf 80' lang='lat' dir='ltr'>itaque</span> <span class='ocrx_word' id='word_1_193' title='bbox 533 3757 623 3827; x_wconf 78' lang='lat' dir='ltr'>grata</span> <span class='ocrx_word' id='word_1_194' title='bbox 641 3746 686 3806; x_wconf 92' lang='lat' dir='ltr'>ibi</span> <span class='ocrx_word' id='word_1_195' title='bbox 705 3766 757 3809; x_wconf 91' lang='lat' dir='ltr'>res</span> <span class='ocrx_word' id='word_1_196' title='bbox 776 3757 841 3823; x_wconf 89' lang='lat' dir='ltr'>est,</span> <span class='ocrx_word' id='word_1_197' title='bbox 861 3748 889 3810; x_wconf 86' lang='lat' dir='ltr'>si</span> <span class='ocrx_word' id='word_1_198' title='bbox 909 3768 1001 3830; x_wconf 86' lang='lat' dir='ltr'>quam</span> <span class='ocrx_word' id='word_1_199' title='bbox 1022 3749 1111 3811; x_wconf 86' lang='lat' dir='ltr'>multi</span> <span class='ocrx_word' id='word_1_200' title='bbox 1129 3747 1164 3808; x_wconf 91' lang='lat' dir='ltr'>in</span> <span class='ocrx_word' id='word_1_201' title='bbox 1184 3746 1239 3827; x_wconf 85' lang='lat' dir='ltr'>jus</span> 
     </span>
     <span class='ocr_line' id='line_1_30' title="bbox 207 3837 1239 3932; baseline 0 -20"><span class='ocrx_word' id='word_1_202' title='bbox 207 3837 342 3912; x_wconf 81' lang='lat' dir='ltr'>Romam</span> <span class='ocrx_word' id='word_1_203' title='bbox 361 3845 555 3923; x_wconf 72' lang='lat' dir='ltr'>discurrent,</span> <span class='ocrx_word' id='word_1_204' title='bbox 576 3848 742 3928; x_wconf 83' lang='lat' dir='ltr'>adportant</span> <span class='ocrx_word' id='word_1_205' title='bbox 762 3847 846 3910; x_wconf 90' lang='lat' dir='ltr'>enim</span> <span class='ocrx_word' id='word_1_206' title='bbox 864 3847 985 3932; x_wconf 83' lang='lat' dir='ltr'>aliquid</span> <span class='ocrx_word' id='word_1_207' title='bbox 1002 3848 1138 3929; x_wconf 85' lang='lat' dir='ltr'>singuli,</span> <span class='ocrx_word' id='word_1_208' title='bbox 1165 3869 1239 3912; x_wconf 81' lang='lat' dir='ltr'>nam</span> 
     </span>
     <span class='ocr_line' id='line_1_31' title="bbox 207 3947 1239 4032; baseline 0.002 -22"><span class='ocrx_word' id='word_1_209' title='bbox 207 3950 264 4032; x_wconf 84' lang='lat' dir='ltr'>qni</span> <span class='ocrx_word' id='word_1_210' title='bbox 284 3947 361 4009; x_wconf 88' lang='lat' dir='ltr'>nihil</span> <span class='ocrx_word' id='word_1_211' title='bbox 380 3947 538 4023; x_wconf 75' lang='lat' dir='ltr'>studens,</span> <span class='ocrx_word' id='word_1_212' title='bbox 564 3948 591 4009; x_wconf 87' lang='lat' dir='ltr'>is</span> <span class='ocrx_word' id='word_1_213' title='bbox 615 3968 695 4012; x_wconf 83' lang='lat' dir='ltr'>vero</span> <span class='ocrx_word' id='word_1_214' title='bbox 724 3947 860 4030; x_wconf 83' lang='lat' dir='ltr'>injurius</span> <span class='ocrx_word' id='word_1_215' title='bbox 883 3959 951 4024; x_wconf 88' lang='lat' dir='ltr'>est,</span> <span class='ocrx_word' id='word_1_216' title='bbox 980 3961 1011 4011; x_wconf 88' lang='lat' dir='ltr'>et</span> <span class='ocrx_word' id='word_1_217' title='bbox 1030 3968 1095 4011; x_wconf 87' lang='lat' dir='ltr'>non</span> <span class='ocrx_word' id='word_1_218' title='bbox 1116 3959 1239 4012; x_wconf 81' lang='lat' dir='ltr'>tantum</span> 
     </span>
     <span class='ocr_line' id='line_1_32' title="bbox 205 4046 1239 4133; baseline 0.003 -22"><span class='ocrx_word' id='word_1_219' title='bbox 205 4068 274 4111; x_wconf 83' lang='lat' dir='ltr'>non</span> <span class='ocrx_word' id='word_1_220' title='bbox 298 4048 393 4111; x_wconf 84' lang='lat' dir='ltr'>datur</span> <span class='ocrx_word' id='word_1_221' title='bbox 422 4046 452 4109; x_wconf 89' lang='lat' dir='ltr'>ei</span> <span class='ocrx_word' id='word_1_222' title='bbox 480 4049 589 4112; x_wconf 75' lang='lat' dir='ltr'>Rome</span> <span class='ocrx_word' id='word_1_223' title='bbox 616 4050 802 4133; x_wconf 76' lang='lat' dir='ltr'>quicquam,</span> <span class='ocrx_word' id='word_1_224' title='bbox 831 4050 888 4111; x_wconf 89' lang='lat' dir='ltr'>sed</span> <span class='ocrx_word' id='word_1_225' title='bbox 913 4051 1003 4132; x_wconf 89' lang='lat' dir='ltr'>quod</span> <span class='ocrx_word' id='word_1_226' title='bbox 1029 4050 1122 4112; x_wconf 77' lang='lat' dir='ltr'>habet</span> <span class='ocrx_word' id='word_1_227' title='bbox 1140 4050 1239 4114; x_wconf 81' lang='lat' dir='ltr'>etiam</span> 
     </span>
     <span class='ocr_line' id='line_1_33' title="bbox 207 4144 1238 4213; baseline 0.003 -3"><span class='ocrx_word' id='word_1_228' title='bbox 207 4144 352 4211; x_wconf 75' lang='lat' dir='ltr'>aufertur</span> <span class='ocrx_word' id='word_1_229' title='bbox 369 4147 408 4211; x_wconf 82' lang='lat' dir='ltr'>ob</span> <span class='ocrx_word' id='word_1_230' title='bbox 437 4170 489 4213; x_wconf 86' lang='lat' dir='ltr'>eo.</span> <span class='ocrx_word' id='word_1_231' title='bbox 534 4149 676 4212; x_wconf 88' lang='lat' dir='ltr'>Proinde</span> <span class='ocrx_word' id='word_1_232' title='bbox 699 4150 833 4212; x_wconf 84' lang='lat' dir='ltr'>Vadisci</span> <span class='ocrx_word' id='word_1_233' title='bbox 858 4150 1013 4213; x_wconf 84' lang='lat' dir='ltr'>sententia</span> <span class='ocrx_word' id='word_1_234' title='bbox 1041 4162 1089 4212; x_wconf 88' lang='lat' dir='ltr'>est</span> <span class='ocrx_word' id='word_1_235' title='bbox 1133 4151 1238 4213; x_wconf 86' lang='lat' dir='ltr'>tribus</span> 
     </span>
    </p>
   </div>
   <div class='ocr_carea' id='block_1_8' title="bbox 88 4245 1236 4336">
    <p class='ocr_par' dir='ltr' id='par_1_8' title="bbox 88 4245 1236 4336">
     <span class='ocr_line' id='line_1_34' title="bbox 88 4245 1236 4336; baseline 0.002 -25"><span class='ocrx_word' id='word_1_236' title='bbox 88 4245 94 4256; x_wconf 80' lang='grc'><strong>’</strong></span> <span class='ocrx_word' id='word_1_237' title='bbox 206 4268 280 4311; x_wconf 86' lang='lat' dir='ltr'>esse</span> <span class='ocrx_word' id='word_1_238' title='bbox 309 4269 393 4331; x_wconf 85' lang='lat' dir='ltr'>opus</span> <span class='ocrx_word' id='word_1_239' title='bbox 421 4249 471 4326; x_wconf 88' lang='lat' dir='ltr'>ei,</span> <span class='ocrx_word' id='word_1_240' title='bbox 500 4248 558 4333; x_wconf 90' lang='lat' dir='ltr'>qui</span> <span class='ocrx_word' id='word_1_241' title='bbox 578 4252 688 4313; x_wconf 68' lang='lat' dir='ltr'>Rome</span> <span class='ocrx_word' id='word_1_242' title='bbox 707 4251 776 4315; x_wconf 83' lang='lat' dir='ltr'>lites</span> <span class='ocrx_word' id='word_1_243' title='bbox 796 4251 924 4316; x_wconf 78' lang='lat' dir='ltr'>lrabeat:</span> <span class='ocrx_word' id='word_1_244' title='bbox 953 4251 1105 4336; x_wconf 86' lang='lat' dir='ltr'>pecunia,</span> <span class='ocrx_word' id='word_1_245' title='bbox 1135 4251 1236 4314; x_wconf 79' lang='lat' dir='ltr'>literis</span> 
     </span>
    </p>
   </div>
   <div class='ocr_carea' id='block_1_9' title="bbox 207 4349 733 4430">
    <p class='ocr_par' dir='ltr' id='par_1_9' title="bbox 207 4349 733 4430">
     <span class='ocr_line' id='line_1_35' title="bbox 207 4349 733 4430; baseline 0.011 -21"><span class='ocrx_word' id='word_1_246' title='bbox 207 4349 486 4430; x_wconf 72' lang='lat' dir='ltr'>commendatitiis,</span> <span class='ocrx_word' id='word_1_247' title='bbox 505 4359 539 4412; x_wconf 86' lang='lat' dir='ltr'>et</span> <span class='ocrx_word' id='word_1_248' title='bbox 556 4351 733 4423; x_wconf 72' lang='lat' dir='ltr'>mendacio.</span> 
     </span>
    </p>
   </div>
   <div class='ocr_carea' id='block_1_10' title="bbox 0 0 1320 5086">
    <p class='ocr_par' dir='ltr' id='par_1_10' title="bbox 0 0 1320 5086">
     <span class='ocr_line' id='line_1_36' title="bbox 0 0 1320 5086; baseline 0 2"><span class='ocrx_word' id='word_1_249' title='bbox 0 0 1320 5086; x_wconf 95' lang='lat' dir='ltr'> </span> 
     </span>
    </p>
   </div>
  </div>
 </body>
</html>
