2632 5086
205 798 274 869 262
493 797 562 913 De·
578 792 729 894 Gnajaci
753 790 941 867 medicina

204 987 310 1063 alant,
339 987 473 1068 pessima
498 989 564 1050 haee
593 988 676 1051 enim
700 984 803 1049 morbi
832 980 927 1064 hujus
953 1003 1026 1064 pars
1052 995 1109 1046 est.
1146 984 1229 1047 Nam

203 1087 284 1151 hano
299 1086 477 1150 sibi·veluti
493 1109 598 1151 arcem
619 1086 729 1170 deligit
744 1084 800 1149 ubi
819 1083 992 1147 diutissime
1012 1082 1173 1164 persistat,
1194 1104 1230 1146 ae

205 1188 291 1249 unde
303 1187 336 1250 iu
351 1188 536 1253 uuiversum
548 1210 683 1271 eorpus,
696 1187 801 1250 omnia
812 1186 959 1250 dolorum
975 1205 1093 1268 genera
1108 1183 1231 1267 disper·

205 1298 276 1371 gat,
304 1299 336 1349 et
355 1287 526 1370 jaculetur,
555 1301 642 1353 tauto
661 1287 782 1370 maiore
802 1310 874 1351 euru
899 1286 1083 1362 afflictione,
1111 1297 1230 1369 quanto

204 1389 463 1471 suppurationem
480 1390 597 1455 tardius
615 1389 771 1490 accipiunt
785 1389 967 1472 hujusmodi
983 1400 1133 1452 tumores.
1155 1389 1231 1452 Orn-

204 1485 357 1572 niumque
389 1489 563 1553 miserrime
593 1502 723 1576 torquet
758 1513 793 1554 ae
831 1494 944 1554 lacerat
978 1490 1029 1552 hie
1064 1489 1230 1552 eruciatus.

180 1585 289 1677 *Mihi
311 1589 370 1649 talo
398 1592 561 1676 quoddam
579 1592 672 1655 tuber
699 1613 794 1673 supra
813 1594 909 1654 talum
931 1590 1048 1655 sinistri
1069 1588 1192 1671 pedis
1183 1610 1231 1651 m·

205 1697 361 1765 morsum,
398 1703 566 1775 postquam
585 1695 681 1757 semel
705 1695 815 1757 collum
832 1693 1017 1766 induxerat,
1050 1700 1123 1752 octo
1145 1700 1230 1752 totos

206 1806 321 1865 minos,
356 1793 702 1872 nulla-pertinetionum
720 1795 770 1869 vi,
800 1792 892 1856 nullis
916 1791 1065 1853 fomentis
1088 1790 1230 1864 emolliri,

206 1901 261 1953 aut
284 1901 319 1953 ut
336 1906 524 1971 suppuraret
546 1893 619 1975 cogi
634 1895 747 1973 potuit.
785 1894 1085 1976 Videbaturque'os
1103 1892 1136 1954 id
1151 1912 1232 1967 esse,

206 1991 312 2053 donee
325 1992 394 2054 Gna
398 1991 457 2068 jaci
471 2007 573 2072 nuper
589 1995 710 2056 medela
725 1995 908 2074 dissipatum
923 1995 1061 2057 evanuit.
1100 1994 1234 2057 Manent

192 2098 241 2149 >et
258 2090 442 2153 mulieribus
470 2090 549 2155 intra
570 2093 732 2173 pudendas
754 2105 859 2174 partes
881 2096 1056 2168 ulcuscula,
1089 2093 1161 2173 miri
1179 2093 1234 2154 diu

206 2190 324 2251 veneni
339 2190 497 2266 fomenta,
525 2202 620 2275 atque
640 2213 678 2254 ea
693 2205 779 2256 tanto
797 2193 975 2275 perniciosa
992 2193 1107 2275 magis,
1135 2214 1234 2276 quan-

206 2290 362 2353 lominus
392 2291 491 2354 oeulis
511 2313 642 2369 eorum,
680 2297 736 2379 qui
762 2307 853 2358 caute
877 2295 1060 2358 mulieribus
1080 2293 1233 2373 congredi

207 2396 340 2467 volunt,
361 2391 474 2472 subjici
492 2394 670 2476 patiuntur„
709 2400 751 2460 Et
769 2398 819 2458 vel
843 2395 963 2459 ideireo
984 2393 1234 2474 pestilentissima

208 2503 256 2557 eu
271 2495 335 2558 hoeo
354 2494 458 2557 morbi
477 2517 567 2575 pars,
588 2498 676 2578 quod
694 2496 727 2558 iu
749 2518 786 2559 ea
802 2495 900 2558 vitare
911 2494 1057 2557 morbum
1068 2492 1232 2568 nonlicet,

206 2612 280 2656 eiam
308 2594 529 2674 hujuscemodi
564 2584 729 2661 mulierum
759 2596 913 2660 levissima
944 2614 1174 2705 nonnunquam
1203 2604 1235 2656 et

207 2693 401 2759 immundis
381 2716 452 2757 ima
481 2694 543 2759 sint
566 2717 719 2778 corpora
758 2698 986 2759 contrahuntur
1018 2705 1049 2758 et
1079 2693 1170 2763 nervi
1198 2714 1235 2755 ae

208 2772 406 2862 indurantur.
445 2797 681 2880 Nonnunquam
707 2798 930 2861 distenduntur
955 2807 986 2858 et
1007 2795 1070 2857 laxi
1098 2797 1179 2857 liunt
1199 2814 1236 2856 ae

207 2894 323 2977 rigent.
377 2896 540 2959 Interdum
570 2897 745 2961 morbns'
737 2921 770 2961 ιιι
799 2918 914 2960 merom
949 2899 1123 2978 podagram
1159 2896 1234 2956 exit.

209 2995 442 3077 Quibusdam
432 3018 465 3059 ιιι
501 2997 663 3078 paralysim
701 3001 833 3062 solvitur
869 3009 900 3058 et
937 2996 1135 3077 apoplexiam
1166 3017 1235 3078 quar

207 3097 339 3175 dicitur,
385 3099 490 3162 multis
525 3101 641 3180 lepram
663 3099 804 3173 induxit,
835 3098 1054 3180 creditumque
1075 3108 1125 3167 est
1143 3095 1236 3157 uniri-

207 3218 277 3262 mos
303 3185 385 3262 iuter
413 3221 448 3263 se
472 3201 602 3263 morbos
627 3220 714 3276 esse,
747 3211 813 3261 tum
837 3198 1026 3283 quibusdam
1054 3219 1096 3259 ox
1123 3195 1236 3270 causis,

209 3318 279 3381 quaa
300 3299 428 3381 utrique
450 3303 531 3362 malo
549 3320 731 3364 communes
750 3311 841 3371 sunt,
870 3311 936 3361 tum
955 3320 1034 3361 vero
1051 3318 1091 3360 ex
1108 3305 1235 3367 eventu,

211 3397 299 3481 qnod
326 3398 358 3459 in
382 3400 460 3460 hane
487 3400 537 3463 ille
562 3401 747 3483 frequenter
772 3400 956 3464 maiismittat
977 3416 1103 3479 regrum.
1149 3398 1237 3476 Saepe

210 3497 302 3559 etiam
322 3499 412 3580 quasi
427 3498 635 3565 febricitaturi
653 3501 695 3564 ila
715 3502 878 3563 inhorrent
896 3498 1039 3560 homiues
1061 3521 1101 3560 ex
1119 3489 1238 3559 doloris

210 3594 390 3661 acerbitato.
435 3601 614 3665 Nascuntur
644 3612 676 3661 et
702 3599 832 3661 vomicae
856 3619 926 3681 quae
953 3597 986 3659 iu
1017 3619 1165 3661 cancrum
1185 3596 1238 3658 ali-

211 3699 338 3781 quando
365 3711 397 3767 cl
425 3702 558 3763 fistulam
588 3700 726 3773 abeunt,
771 3709 824 3758 aut
855 3697 1011 3760 manantia
1041 3697 1096 3760 diu
1121 3700 1238 3771 ulnera,

210 3820 280 3883 quae
300 3798 332 3860 iu
349 3811 469 3864 lautum
485 3801 671 3884 frequenter
689 3809 890 3881 putrescunt,
920 3810 955 3860 ut
981 3820 1052 3861 ossa
1075 3799 1167 3860 oliam
1185 3798 1241 3858 de·

210 3901 329 3962 irrident
363 3902 521 3982 primum,
564 3921 634 3983 quae
663 3899 779 3968 deinde
811 3899 928 3962 cariem
964 3901 1175 3973 contrahunt,
1209 3907 1241 3958 ott

211 4020 324 4082 magno
354 4023 425 4064 eum
454 3998 597 4079 periculo
631 3999 791 4064 vitiantur.
849 4000 1029 4081 Quinetiam
1061 3997 1237 4059 lentissime

211 4117 283 4163 erim
299 4101 361 4163 sint
381 4100 485 4166 morbi
504 4098 599 4180 liujus
621 4100 780 4183 reliquiae,
805 4100 849 4162 ita
870 4109 1085 4160 emacrescunt
1105 4094 1239 4159 assidui-

212 4210 274 4262 tnle
291 4201 362 4263 moli
379 4200 539 4275 homines,
559 4211 593 4261 ul
610 4200 716 4263 intima
735 4221 806 4263 ossa
824 4197 910 4260 omui
927 4208 1112 4278 consumpta
1132 4216 1237 4268 carne,

211 4300 281 4359 laxo
296 4301 377 4362 eutis
398 4311 493 4380 tegat.
532 4300 617 4363 Hine
638 4300 761 4383 plliisiei
778 4301 857 4362 liunt
876 4299 1061 4362 interraneis
1079 4298 1152 4386 labo
1175 4295 1238 4376 jam

213 4412 277 4463 tum
305 4398 529 4464 defluentibus.
584 4385 764 4465 Generatur
795 4410 829 4462 et
859 4400 980 4464 eaeesia
1010 4397 1171 4480 plurimis,
1206 4406 1239 4459 e't
