2632 5086
431 713 479 786 sd
504 710 656 784 Petrum
681 711 728 783 dc
753 711 894 787 Ausees.
1111 719 1176 792 189

145 906 257 991 quihus
279 904 443 986 specimen
473 905 523 971 sui
550 905 654 981 dedit,
687 917 719 969 et
746 926 764 967 u
789 904 906 990 quibus
934 901 1097 985 conjicere
1117 914 1176 978 est,

144 1007 329 1088 hujusmodi
356 1007 412 1088 qui
440 1004 653 1081 commiserit,
688 1005 787 1089 qualis
815 1027 874 1086 per
899 1007 956 1068 alia
977 1028 1047 1069 esse
1066 1006 1178 1087 possit.

143 1110 288 1190 Quaeque
306 1105 338 1180 ⁰)
357 1107 551 1169 documento
571 1107 655 1168 haud
675 1105 810 1169 obscure
830 1119 921 1178 sunt,
949 1107 1027 1190 quid
1046 1109 1087 1169 de
1106 1108 1177 1186 ipso

143 1229 270 1290 sperare
300 1207 333 1268 in
360 1206 503 1268 futurum
530 1206 673 1268 homines
702 1206 848 1268 debeant.
900 1207 985 1287 Quid
1017 1219 1066 1271 est
1092 1207 1177 1270 eliud

143 1308 223 1369 enim
244 1305 448 1370 Phalaridem
474 1307 658 1388 magistrum
677 1306 785 1388 sequi,
813 1328 908 1389 quam
926 1307 1032 1370 lucere
1052 1319 1084 1370 et
1111 1329 1177 1370 me·

143 1409 231 1470 ditari
249 1406 426 1470 crudeliter
453 1407 584 1469 omnia?
620 1405 747 1488 Cupide
772 1409 937 1471 effundere
964 1409 1175 1492 sanguinem?

144 1511 232 1571 aride
254 1507 392 1589 punire,
427 1519 581 1590 torquere
609 1507 760 1584 libenter,
791 1509 972 1589 depeculari
1000 1531 1093 1584 suos,
1125 1504 1174 1572 in'·

144 1609 248 1672 sidiari
268 1607 396 1682 alicnis,
417 1608 514 1670 metui
533 1610 642 1682 malle,
665 1629 759 1690 quam
773 1609 885 1684 umeri,
907 1610 1017 1671 vivere
1038 1610 1069 1671 iu
1085 1609 1172 1687 odio,

145 1712 177 1773 rli
195 1707 466 1790 suspicionibus?
505 1707 634 1768 Interim
661 1710 825 1770 luxuriose
845 1711 939 1771 multu
966 1709 1173 1786 profundere,

145 1810 257 1892 injuste
279 1809 377 1870 multa
396 1807 531 1889 rapere?
550 1820 673 1889 stupra,
694 1809 811 1882 credes,
833 1809 1002 1884 adulterio,
1024 1821 1172 1890 torturas,

145 1933 270 1984 mices,
301 1911 451 1992 laurices,
478 1909 594 1973 habere
622 1908 653 1971 in
676 1908 853 1990 promptu?
886 1911 972 1989 Quid
999 1912 1083 1974 aliud
1113 1924 1173 1989 est,

145 2011 287 2095 nmium,
321 2009 413 2092 sequi
441 2009 655 2085 Phalericum,
684 2009 752 2072 sive
778 2011 944 2073 Mercurio
972 2014 1075 2091 duce,
1104 2015 1172 2078 sive
1202 2091 1204 2096 Α

146 2111 308 2174 Charonte
325 2119 455 2171 vectore
475 2120 547 2191 agat
566 2111 626 2170 hoc
640 2109 773 2192 aliquis,
795 2133 889 2194 quam
908 2112 1003 2194 impie
1024 2125 1056 2177 ct
1074 2121 1172 2180 scele-

146 2227 206 2279 rate
226 2211 340 2276 conari
361 2210 492 2273 omnia?
505 2212 553 2286 ss)
568 2211 637 2284 sed
658 2233 727 2294 qum
748 2211 798 2273 ille
815 2213 991 2288 comorius,
1012 2215 1083 2276 talia
1106 2238 1173 2280 non

146 2326 223 2378 mor.
263 2311 353 2392 Quid
373 2310 448 2372 tanti
468 2322 516 2373 est
535 2309 636 2386 enim,
665 2331 799 2374 uxorem
818 2312 908 2373 amici
928 2315 1094 2392 deperire,
1115 2314 1172 2378 ubi

146 2414 306 2496 perillum
326 2411 424 2493 potiri
448 2409 626 2483 nonlicet,
655 2408 758 2492 ipsum
777 2410 819 2474 ite
844 2413 961 2494 cupide
981 2413 1172 2494 interlicere,

149 2527 181 2576 ut
198 2536 236 2577 ex
257 2524 367 2577 morte
387 2533 518 2595 quoque
538 2510 661 2573 satietas
681 2532 747 2573 non
767 2513 823 2589 sit,
846 2514 927 2576 illam
948 2515 1107 2595 abreptam
1127 2518 1176 2579 itsv

146 2615 332 2698 complecti,
363 2624 399 2675 ut
424 2633 510 2675 suam
535 2632 671 2674 uxorem
696 2613 793 2677 domo
820 2615 953 2687 exient?
987 2617 1073 2696 Quid
1093 2619 1171 2682 tanti

144 2730 184 2780 est
203 2719 302 2789 item,
331 2735 348 2775 n
370 2734 436 2796 quo
462 2712 608 2775 liberatus
628 2712 700 2792 ipris
720 2713 759 2776 sit
779 2712 849 2795 ejus
868 2715 986 2777 liberos
1006 2719 1170 2798 perdere?

144 2819 300 2880 hominem
330 2814 554 2885 innocentem,
582 2811 641 2873 sibi
672 2813 828 2891 amicum,
860 2827 893 2875 et
918 2818 1039 2891 lidum,
1073 2839 1172 2901 quem
1264 2856 1276 2865 ·

144 2939 245 2980 earnm
272 2913 436 2988 habiteris,
466 2913 580 2995 suique
607 2924 778 2988 amantem,
809 2914 924 2977 indicta
950 2938 1044 2979 cause
1074 2919 1171 2980 inter·

144 3018 261 3083 licere?
280 3025 444 3077 mortuum
462 3013 609 3095 raptare?
630 3026 785 3094 raptatum
805 3032 837 3077 et
850 3017 1017 3078 laceratum
1037 3038 1171 3098 suspen·

145 3119 242 3183 dere?
268 3137 338 3179 non
358 3113 525 3196 indulgere
544 3117 737 3196 sepulturam
755 3116 968 3199 propinquis?
983 3119 1169 3199 fingerein
1212 3195 1215 3199 ,

144 3233 302 3284 morttrum
334 3214 478 3277 crimen?
511 3214 691 3278 interimere
717 3237 790 3291 cos,
827 3218 882 3300 qui
909 3218 994 3280 illum
1019 3219 1169 3301 lugeant?

145 3320 325 3402 Principem
344 3316 519 3392 foeminam,
547 3338 697 3391 uxorem,
718 3321 798 3380 male
818 3329 968 3393 tractare,
998 3321 1168 3384 crudeliter

143 3423 275 3495 habere,
305 3417 416 3480 conari
437 3417 557 3498 flagitio
577 3429 608 3480 et
627 3419 787 3482 dedecore
807 3418 1002 3499 perfundere
1022 3423 1168 3499 primum,

143 3524 255 3587 deinde
268 3539 384 3604 parare
397 3517 561 3592 occidere,
572 3518 697 3581 demum
710 3519 819 3582 mortis
831 3531 915 3582 metu
929 3522 1025 3582 domo
1038 3520 1168 3603 ejicere,

143 3625 267 3688 interim
280 3620 468 3682 sceleratum
481 3630 638 3693 scortum,
659 3619 773 3680 foedarn
788 3641 823 3680 nc
843 3621 1006 3683 immanem
1023 3624 1168 3705 pellicem

143 3729 168 3787 iu
186 3725 263 3788 sinu
282 3727 410 3794 tenere,
432 3719 465 3783 in
485 3722 654 3800 complexu
672 3721 811 3783 rovere?
839 3719 909 3801 ejus
930 3726 1073 3785 osculum
1093 3728 1167 3785 lnm·

143 3824 304 3900 bere,eam
317 3822 350 3883 in
363 3821 416 3885 illo
428 3818 590 3903 conjugali
606 3823 699 3882 tlroro
711 3821 822 3885 rixeris
834 3825 906 3885 loco
920 3823 1058 3884 habere?
1079 3823 1167 3903 Quid

143 3925 217 3986 tenti
243 3936 290 3987 est
314 3921 477 4004 suppliciis
501 3920 669 3983 exhaurire
695 3922 790 3984 urbes
811 3930 842 3984 el
873 3920 995 4005 pagos?
1034 3924 1167 4006 Semper

141 4024 320 4108 torquere?
341 4043 466 4104 semper
483 4021 654 4084 occidere?
674 4020 793 4106 jugiter
808 4033 841 4083 et
857 4035 1015 4105 perpetuo
1030 4027 1166 4106 rupere?

140 4125 276 4210 grassari
295 4126 397 4200 coede,
419 4123 545 4206 spoliis,
565 4134 597 4186 et
615 4122 797 4205 sanguine?
823 4124 1023 4188 Germaniam
1044 4126 1166 4189 discor-

142 4229 196 4295 diis
215 4225 381 4311 implere?
409 4237 542 4288 externe
561 4227 730 4288 adversum
757 4244 818 4287 nor
842 4224 957 4288 auxilia
982 4226 1167 4290 advocare?

174 4436 203 4506 ³)
219 4447 261 4506 ss:
282 4456 305 4502 q.
341 4431 387 4502 ¹¹)
405 4445 494 4491 court
510 4441 615 4491 amula:
635 4438 714 4489 omnis
733 4443 821 4490 lacere.
