2618 5094
334 781 467 859 Febris
493 782 661 919 Secunda
683 750 870 884 Dialogus.
1040 787 1109 861 tts

516 975 670 1040 Febris.

166 1076 339 1140 Nondum?
371 1086 467 1160 atque
490 1075 724 1159 ingratitudinis
752 1087 800 1139 est
818 1079 903 1159 apud
922 1089 954 1139 te
974 1089 1110 1156 tantum,

90 1189 126 1240 ut
145 1200 215 1261 quae
235 1179 408 1258 sapientem
424 1188 456 1240 t'e
467 1175 569 1250 facio,
590 1195 659 1237 eam
673 1186 707 1238 tu
719 1176 856 1258 hospitio
870 1199 937 1240 non
950 1179 1113 1263 digneris?

517 1277 683 1339 Hutten.

166 1381 250 1460 Ouia
275 1380 362 1441 serre
381 1399 446 1440 non
466 1398 613 1460 possum,
647 1395 836 1459 quamquam
855 1376 949 1460 digna
969 1399 1037 1441 eras
1058 1390 1113 1456 tu,

86 1501 184 1562 quam
206 1478 363 1560 acciperet
382 1478 515 1562 aliquis,
534 1478 591 1539 uisi
609 1475 681 1538 mali
695 1475 788 1538 etiam
801 1488 884 1541 esset
895 1477 955 1540 abs‘
970 1490 1001 1540 te
1018 1478 1113 1545 iuter·

87 1580 131 1642 im
151 1582 293 1642 multum.

505 1677 700 1740 Fortuna.

167 1778 347 1860 Quantum?

513 1875 689 1939 Hutten.

164 1979 280 2062 Quanti
302 1999 402 2063 capax
418 1997 481 2063 ego
500 1997 566 2038 non
583 1996 666 2048 sum.

519 2075 681 2140 Febris.

162 2184 263 2263 Quam
283 2180 433 2244 delicatus
453 2199 486 2240 es
505 2187 541 2238 tu
559 2175 661 2239 factm
680 2176 795 2259 igitur,
815 2183 869 2263 qui
882 2194 1017 2263 propter
1036 2184 1113 2246 illud

84 2298 195 2366 sapere
216 2284 402 2344 decreveras
421 2276 621 2340 acerbissima
640 2285 745 2340 omnia
764 2278 956 2345 ferreolir‘n.

519 2379 687 2440 Hutten.

161 2486 220 2548 Me
241 2480 398 2544 instituisti
420 2490 453 2540 tu
472 2478 548 2541 satis
565 2475 644 2554 jam,
673 2489 745 2557 post
764 2477 833 2543 illos
854 2463 949 2544 erudi
963 2482 1112 2543 sacerdo·

84 2597 149 2660 tes,
171 2585 203 2646 in
223 2585 305 2643 viam
325 2594 360 2643 ut
373 2581 520 2650 redeant,
540 2576 616 2639 nihil
626 2578 793 2642 enimcum
805 2580 933 2644 Christo
946 2597 1114 2646 commune

85 2689 167 2747 ultra
185 2683 274 2767 quod
294 2681 444 2755 habeant,
463 2676 572 2741 video.
806 2685 812 2696 ‘

517 2775 676 2841 Febris.

159 2882 236 2947 Dixi
254 2882 367 2946 malunt
397 2897 467 2942 esse
495 2876 554 2939 illis
583 2874 727 2952 abunde,
758 2897 818 2940 nec
831 2877 908 2960 ,iam
936 2898 1007 2944 esse
1026 2877 1111 2943 febri

85 2986 169 3065 apud
188 3005 245 3047 eos
266 2986 380 3060 locum.
425 2976 605 3060 Quinetiam
633 2977 778 3057 Jupiter,
808 2998 881 3041 cum
905 2979 1112 3042 intellexisset

83 3109 186 3166 nuper
204 3080 459 3149 concubinarium
471 3079 762 3141 illamsaeerdotum
772 3075 885 3145 vitams
916 3087 993 3140 Hoec
1003 3081 1113 3153 febris

83 3198 148 3244 esto
170 3184 408 3244 sacerdotibus!
426 3177 548 3261 inquit,
577 3197 694 3263 meque
719 3174 811 3256 jussit
830 3174 907 3238 alios
926 3185 1036 3258 petere
1054 3177 1113 3239 ho·
1144 3246 1162 3271 fl

82 3281 193 3347 mines.
1195 3264 1201 3275 ’

498 3379 565 3441 Hu
581 3387 620 3439 tt
636 3396 655 3438 e
671 3396 703 3437 n.

157 3481 248 3558 Quos
268 3480 357 3543 alios.

512 3577 675 3642 Febris.

172 3677 221 3738 Te
252 3677 405 3756 primum,
433 3677 487 3740 cui
505 3678 531 3740 si
549 3698 616 3741 nou
635 3674 816 3758 placerem,
836 3685 1047 3750 mercatores,
1078 3682 1112 3736 et

79 3775 153 3838 illos
182 3776 261 3837 intra
282 3777 376 3838 urbes
396 3777 592 3859 voluptarios
612 3777 764 3839 accedere
783 3774 886 3855 jussit.

512 3877 684 3939 Hutten.
754 3904 758 3913 ·

169 3977 238 4038 Hac
269 3975 309 4036 de
335 3997 371 4038 re
398 3988 503 4038 tecum
524 3977 714 4059 colloquens
740 3975 867 4059 Jupiter
892 3995 968 4056 num
988 3972 1113 4036 dicebat

81 4076 174 4153 item,
204 4076 280 4159 quid
301 4076 359 4139 sibi
380 4077 421 4138 de
442 4073 560 4139 Callisti
579 4074 737 4159 pontilicis
756 4076 918 4139 sanctione
937 4074 1111 4151 videretur,

82 4200 145 4260 qua
173 4178 353 4239 adimuntur
388 4175 540 4259 conjugia
573 4172 823 4240 sacerdotibus?
866 4174 1068 4238 Probabatne
1094 4195 1112 4234 a

81 4279 286 4340 matrimoniis
309 4279 348 4339 ab
376 4299 411 4341 se
437 4276 586 4340 institutis
606 4264 647 4339 ad
667 4275 875 4340 meretriciam
894 4263 1113 4339 conversatio·

81 4397 154 4439 nem
174 4378 307 4441 rediisse
326 4377 452 4440 illorum
471 4376 591 4440 vitam?
834 4366 837 4372 ’
