2632 5086
85 39 1091 308 --

1159 544 1179 579 ᾖ
1219 557 1222 563 .

323 712 385 789 Ad
408 712 787 791 Bilib.··Pirckheimer
815 710 991 814 Epistola.
1120 724 1162 798 71

150 905 229 968 dum
245 905 284 966 sit
300 906 435 967 omnino
454 905 581 988 aliquid.
620 909 699 970 Nam
717 909 806 990 enred
820 908 858 970 in
877 893 1085 974 umbramine
1103 919 1166 973 tsm

152 1007 236 1079 cito,
261 1007 352 1067 etad
373 1007 585 1071 sedentarium
603 1007 678 1069 illud
700 1009 840 1070 studium
855 1030 950 1071 vocas
962 1024 976 1083 3·
998 1011 1106 1072 nescio
1126 1031 1164 1072 an

152 1119 267 1169 natura·
290 1107 339 1168 ihi
367 1128 442 1169 meae
467 1106 620 1170 rationem
644 1108 774 1182 habeas,
799 1120 852 1171 aut
871 1120 988 1172 aetstem
1006 1131 1047 1172 nn
1067 1109 1165 1189 respi-

152 1207 230 1279 cies,
249 1230 321 1289 quse
340 1209 422 1269 illam
442 1228 507 1269 non
525 1208 607 1288 capit
628 1209 774 1290 tudetem.
813 1211 865 1270 An
879 1231 941 1289 ego
960 1231 1085 1290 possem
1104 1211 1164 1273 hoc

149 1308 244 1368 etatis
263 1308 349 1368 intra
369 1319 505 1390 quotuor
524 1309 657 1389 parietes
677 1312 789 1381 latere,
809 1320 840 1369 et
854 1309 1035 1392 prinsquam
1051 1330 1163 1390 exper-

146 1420 196 1470 tus
217 1429 323 1469 essem
343 1406 415 1471 istas
435 1409 541 1471 mundi
562 1408 684 1482 turbem,
706 1407 780 1469 istos
803 1408 976 1472 olfecissem
996 1411 1162 1483 tumultus,

144 1509 178 1569 in
204 1511 267 1569 bos
295 1528 346 1570 me
377 1528 537 1582 secessus,
578 1510 639 1570 boc
669 1503 868 1589 tranquillum
897 1509 1094 1572 recondere?
1132 1519 1164 1568 et

141 1609 294 1689 cognatis
316 1608 428 1669 vellem
444 1627 480 1667 ac
499 1607 604 1668 amicis
624 1628 709 1681 earn,
738 1627 831 1689 qtrem
851 1619 882 1673 et
901 1607 944 1669 illi
963 1608 1112 1686 exigunt,
1132 1618 1163 1669 st

141 1729 208 1790 ego
236 1709 442 1770 commodare
474 1729 602 1786 opernm
629 1728 775 1788 possum,
806 1707 970 1779 suffurari,
1010 1728 1047 1766 ae
1072 1707 1163 1779 mibi,

141 1809 236 1870 velut
264 1819 301 1868 tu
325 1828 454 1882 mones,
488 1807 561 1869 mibi
587 1819 618 1868 et
641 1806 744 1870 Musis
771 1805 903 1867 vivere?
942 1805 1017 1879 ubi,
1048 1817 1083 1867 ut
1108 1805 1164 1867 tibi

142 1907 331 1987 obsequar,
359 1917 390 1969 et
414 1907 449 1969 in
473 1906 553 1969 illam
579 1927 629 1969 me
647 1907 771 1985 penitus
793 1901 1004 1967 scholasticam
1024 1903 1163 1988 quietem
1270 1979 1272 1983 ,

140 2006 318 2088 sepeliam,
356 2017 520 2088 totumque
557 2005 673 2069 strnliis.
696 2005 886 2085 mancipem,
923 2016 955 2067 et
991 2005 1162 2070 scribendis

140 2110 253 2183 libris,
281 2109 322 2169 ad
341 2107 429 2188 quod
446 2105 554 2168 neseio
575 2106 737 2187 quornodo
758 2117 846 2185 aptus
866 2104 922 2166 tibi
942 2105 1072 2180 videor,
1098 2105 1164 2170 aui·

140 2229 235 2273 mum
254 2207 417 2284 adjiciam:
450 2205 543 2287 quid,
572 2205 856 2285 quesomahotm,
889 2205 977 2287 quod
997 2206 1163 2288 aliquando

141 2328 221 2369 eum
258 2306 318 2369 illis
348 2307 524 2368 studiorum
559 2325 702 2367 meorum
736 2304 988 2378 convictoribus,
1029 2306 1164 2367 animum

146 2403 277 2486 quoties
311 2408 469 2467 remittere
499 2402 638 2484 juvabit,
678 2402 816 2482 jucunde
855 2402 1043 2465 conseram?
1086 2423 1164 2485 qum

148 2502 287 2579 lebedos,
318 2504 432 2587 quibus
452 2505 492 2568 de
517 2505 628 2578 rebus,
657 2514 717 2564 tom
735 2503 809 2564 nihil
829 2514 977 2583 expertus
1004 2500 1165 2565 miscello?

145 2604 231 2665 Nam
258 2603 311 2663 itta
337 2601 505 2689 duodecim
535 2623 688 2669 annorum
720 2603 992 2685 peregrinatione,
1025 2604 1037 2679 l
1044 2602 1076 2665 in
1103 2621 1165 2684 qus

144 2704 249 2764 multa
263 2701 349 2776 vidi,
368 2705 463 2765 mrdta
481 2701 634 2783 cognovi,
654 2700 729 2764 nibil
749 2704 821 2784 egl,
847 2704 922 2767 uihil
943 2704 1065 2785 gessi,)
1084 2723 1164 2771 non·

150 2803 232 2863 dum
258 2801 331 2864 mibi
360 2801 512 2864 satisfeci:
542 2813 576 2862 et
603 2821 767 2882 superesse
793 2814 893 2882 puto,
925 2814 961 2865 nt
983 2802 1093 2865 vivere
1117 2801 1164 2864 in·
1215 2836 1218 2842 ·

148 2900 280 2983 oipiam:
315 2902 475 2984 quoddam
504 2899 565 2960 fnit
587 2900 648 2961 hoc
680 2900 761 2963 enim
790 2903 861 2964 vitre
885 2903 1088 2982 proludium,
1116 2926 1164 2963 w

145 3030 175 3065 sa
194 3005 299 3071 edesse
313 3008 361 3070 vis
378 2997 533 3080 cessedius
551 3003 750 3086 προγύμνασμα
769 3002 898 3067 nisime
917 3002 950 3063 in
968 3001 1166 3065 solitudinem

144 3105 324 3177 abstrudis,
364 3113 459 3186 etque
490 3102 528 3164 nb
559 3102 720 3166 hominum
750 3101 912 3164 consortio
940 3102 1080 3185 relegas,
1113 3113 1166 3164 sut

144 3222 217 3268 non
235 3203 341 3284 magni
367 3203 449 3263 illam
465 3201 543 3263 lacis
562 3202 666 3284 magni
685 3201 802 3266 Herois
821 3200 854 3264 in
873 3201 1004 3263 adverse
1022 3202 1048 3262 F
1051 3213 1162 3264 ortum.

145 3303 446 3375 commonitionem,
473 3300 552 3362 olim
576 3301 751 3363 meminisse
781 3299 912 3378 jrrvabit.
949 3300 1054 3363 Porro
1074 3314 1162 3364 natu-

145 3424 218 3471 ram
246 3423 345 3465 meam
375 3400 457 3462 band
485 3400 586 3474 nosti,
618 3401 657 3461 ab
682 3401 845 3464 hominum
871 3400 1111 3462 conversatione
1137 3404 1162 3462 si

144 3526 202 3569 me
237 3521 380 3567 seorsum
415 3502 533 3584 degere
564 3520 660 3579 posse
691 3498 866 3575 arbitraris3
907 3499 1081 3573 hominem,
1123 3498 1163 3561 in

146 3604 307 3666 mnannn
325 3601 557 3682 disciplinmnn
575 3597 687 3665 studiis
707 3611 832 3679 aptum,
851 3609 886 3658 ut
904 3619 922 3660 s
939 3602 1023 3661 nulle
1041 3598 1164 3660 interim

147 3705 290 3766 honestes
316 3698 551 3763 consuetudinis
572 3698 752 3780 frequentia
768 3709 822 3759 aut
840 3697 1007 3772 sodalitiis,
1036 3697 1164 3758 etiams

148 3802 345 3865 dissimilium
378 3800 567 3884 aliquantum
592 3796 856 3860 conventionibus
879 3796 1074 3858 abhorream.
1123 3796 1163 3856 Et

147 3903 178 3964 si
195 3923 247 3963 ne
267 3911 352 3961 recte
372 3899 419 3960 vis
438 3920 551 3973 nosse,
580 3899 678 3963 multo
695 3897 816 3959 facilius
836 3897 893 3957 hos
912 3894 983 3957 lero
1003 3892 1162 3974 strepitus,

148 4003 229 4065 nanc
249 4001 380 4063 alienum
400 3997 633 4081 frequentiam,
661 3996 695 4059 in
722 4015 785 4080 quo
803 3993 967 4058 maximam
985 3992 1060 4056 mihi
1082 4013 1161 4053 non·

146 4120 328 4183 nunqnam·
338 4097 541 4163 solitudinem
563 4096 665 4172 facio,
696 4115 791 4178 quam
815 4095 899 4159 solus
925 4115 994 4156 esse
1013 4113 1162 4174 possum:

145 4199 249 4281 igitur
287 4219 353 4259 non
389 4197 518 4259 omnino
549 4195 716 4261 infeliciter
750 4197 814 4258 brec
842 4190 1085 4273 conjuncturum
1112 4210 1163 4253 me

148 4299 298 4361 arbitror.
348 4298 391 4362 Et
419 4306 456 4366 ut
483 4295 627 4359 conscius
663 4295 738 4360 mihi
769 4314 859 4370 stim,
890 4293 1008 4377 aliquid
1038 4293 1100 4372 jam
1129 4289 1162 4352 in
