<?xml version="1.0" encoding="UTF-8"?>
<!DOCTYPE html PUBLIC "-//W3C//DTD XHTML 1.0 Transitional//EN"
    "http://www.w3.org/TR/xhtml1/DTD/xhtml1-transitional.dtd">
<html xmlns="http://www.w3.org/1999/xhtml" xml:lang="en" lang="en">
 <head>
  <title>
</title>
<meta http-equiv="Content-Type" content="text/html;charset=utf-8" />
  <meta name='ocr-system' content='tesseract 3.04.00' />
  <meta name='ocr-capabilities' content='ocr_page ocr_carea ocr_par ocr_line ocrx_word'/>
</head>
<body>
  <div class='ocr_page' id='page_1' title='image "./ulrichiabhutten02mngoog_0328.png"; bbox 0 0 2632 5086; ppageno 0'>
   <div class='ocr_carea' id='block_1_1' title="bbox 218 710 1238 1003">
    <p class='ocr_par' dir='ltr' id='par_1_1' title="bbox 218 710 1238 1003">
     <span class='ocr_line' id='line_1_1' title="bbox 219 710 1201 980; baseline -0.002 -179"><span class='ocrx_word' id='word_1_1' title='bbox 219 736 289 802; x_wconf 79' lang='lat'><strong>318</strong></span> <span class='ocrx_word' id='word_1_2' title='bbox 505 730 566 803; x_wconf 87' lang='lat' dir='ltr'><strong>De</strong></span> <span class='ocrx_word' id='word_1_3' title='bbox 591 727 744 828; x_wconf 77' lang='lat' dir='ltr'><strong>Guajact</strong></span> <span class='ocrx_word' id='word_1_4' title='bbox 754 710 950 980; x_wconf 42' lang='lat' dir='ltr'><strong>yeme</strong></span> <span class='ocrx_word' id='word_1_5' title='bbox 1199 726 1201 731; x_wconf 78' lang='grc'><strong>’</strong></span> 
     </span>
     <span class='ocr_line' id='line_1_2' title="bbox 218 894 1238 1003; baseline 0.002 -22"><span class='ocrx_word' id='word_1_6' title='bbox 218 918 293 1003; x_wconf 83' lang='lat' dir='ltr'><strong>quia</strong></span> <span class='ocrx_word' id='word_1_7' title='bbox 311 920 450 984; x_wconf 81' lang='lat' dir='ltr'><strong>Veneris</strong></span> <span class='ocrx_word' id='word_1_8' title='bbox 468 940 547 984; x_wconf 81' lang='lat' dir='ltr'><strong>usus</strong></span> <span class='ocrx_word' id='word_1_9' title='bbox 562 938 630 983; x_wconf 88' lang='lat' dir='ltr'><strong>non</strong></span> <span class='ocrx_word' id='word_1_10' title='bbox 649 938 749 983; x_wconf 90' lang='lat' dir='ltr'><strong>unmn</strong></span> <span class='ocrx_word' id='word_1_11' title='bbox 767 894 898 1002; x_wconf 70' lang='lat' dir='ltr'><strong>siquod</strong></span> <span class='ocrx_word' id='word_1_12' title='bbox 916 912 1150 993; x_wconf 84' lang='lat' dir='ltr'><strong>membrorum,</strong></span> <span class='ocrx_word' id='word_1_13' title='bbox 1178 920 1238 983; x_wconf 78' lang='lat' dir='ltr'><strong>sed</strong></span> 
     </span>
    </p>
   </div>
   <div class='ocr_carea' id='block_1_2' title="bbox 209 1018 1255 4415">
    <p class='ocr_par' dir='ltr' id='par_1_2' title="bbox 209 1018 1255 4415">
     <span class='ocr_line' id='line_1_3' title="bbox 218 1018 1240 1103; baseline -0.002 -20"><span class='ocrx_word' id='word_1_14' title='bbox 218 1018 400 1083; x_wconf 86' lang='lat' dir='ltr'><strong>universnm</strong></span> <span class='ocrx_word' id='word_1_15' title='bbox 415 1041 480 1083; x_wconf 91' lang='lat' dir='ltr'><strong>nno</strong></span> <span class='ocrx_word' id='word_1_16' title='bbox 499 1022 586 1101; x_wconf 78' lang='lat' dir='ltr'><strong>lapsu</strong></span> <span class='ocrx_word' id='word_1_17' title='bbox 603 1038 720 1101; x_wconf 89' lang='lat' dir='ltr'><strong>corpus</strong></span> <span class='ocrx_word' id='word_1_18' title='bbox 740 1018 775 1081; x_wconf 88' lang='lat' dir='ltr'><strong>in</strong></span> <span class='ocrx_word' id='word_1_19' title='bbox 789 1018 958 1081; x_wconf 80' lang='lat' dir='ltr'><strong>discrimen</strong></span> <span class='ocrx_word' id='word_1_20' title='bbox 977 1019 1143 1095; x_wconf 75' lang='lat' dir='ltr'><strong>abstrahit,</strong></span> <span class='ocrx_word' id='word_1_21' title='bbox 1163 1020 1240 1103; x_wconf 88' lang='lat' dir='ltr'><strong>quid</strong></span> 
     </span>
     <span class='ocr_line' id='line_1_4' title="bbox 218 1118 1242 1203; baseline 0.001 -21"><span class='ocrx_word' id='word_1_22' title='bbox 218 1120 301 1183; x_wconf 81' lang='lat' dir='ltr'><strong>aliud</strong></span> <span class='ocrx_word' id='word_1_23' title='bbox 318 1121 423 1183; x_wconf 82' lang='lat' dir='ltr'><strong>facere</strong></span> <span class='ocrx_word' id='word_1_24' title='bbox 443 1122 601 1202; x_wconf 83' lang='lat' dir='ltr'><strong>putandus</strong></span> <span class='ocrx_word' id='word_1_25' title='bbox 617 1130 685 1201; x_wconf 85' lang='lat' dir='ltr'><strong>est,</strong></span> <span class='ocrx_word' id='word_1_26' title='bbox 704 1118 767 1201; x_wconf 81' lang='lat' dir='ltr'><strong>‚qni</strong></span> <span class='ocrx_word' id='word_1_27' title='bbox 786 1118 831 1181; x_wconf 86' lang='lat' dir='ltr'><strong>sic</strong></span> <span class='ocrx_word' id='word_1_28' title='bbox 848 1121 1018 1183; x_wconf 80' lang='lat' dir='ltr'><strong>exhaustus</strong></span> <span class='ocrx_word' id='word_1_29' title='bbox 1037 1120 1119 1194; x_wconf 89' lang='lat' dir='ltr'><strong>coit,</strong></span> <span class='ocrx_word' id='word_1_30' title='bbox 1145 1138 1242 1203; x_wconf 84' lang='lat' dir='ltr'><strong>quam</strong></span> 
     </span>
     <span class='ocr_line' id='line_1_5' title="bbox 219 1200 1250 1319; baseline 0.001 -37"><span class='ocrx_word' id='word_1_31' title='bbox 219 1222 299 1285; x_wconf 85' lang='lat' dir='ltr'><strong>nitro</strong></span> <span class='ocrx_word' id='word_1_32' title='bbox 319 1233 451 1284; x_wconf 90' lang='lat' dir='ltr'><strong>mortem</strong></span> <span class='ocrx_word' id='word_1_33' title='bbox 470 1221 530 1319; x_wconf 68' lang='lat' dir='ltr'><strong>pui</strong></span> <span class='ocrx_word' id='word_1_34' title='bbox 548 1219 678 1283; x_wconf 79' lang='lat' dir='ltr'>accersit</span> <span class='ocrx_word' id='word_1_35' title='bbox 695 1218 776 1295; x_wconf 86' lang='lat' dir='ltr'><strong>sihi,</strong></span> <span class='ocrx_word' id='word_1_36' title='bbox 800 1230 851 1281; x_wconf 84' lang='lat' dir='ltr'><strong>aut</strong></span> <span class='ocrx_word' id='word_1_37' title='bbox 871 1238 1105 1299; x_wconf 71' lang='lat' dir='ltr'><strong>praeproperam</strong></span> <span class='ocrx_word' id='word_1_38' title='bbox 1123 1200 1250 1285; x_wconf 33' lang='lat' dir='ltr'><strong>viritim·</strong></span> 
     </span>
     <span class='ocr_line' id='line_1_6' title="bbox 217 1316 1242 1394; baseline 0 -12"><span class='ocrx_word' id='word_1_39' title='bbox 217 1316 461 1383; x_wconf 60' lang='lat' dir='ltr'><strong>internecionem</strong></span> <span class='ocrx_word' id='word_1_40' title='bbox 483 1319 665 1394; x_wconf 80' lang='lat' dir='ltr'><strong>consciscit,</strong></span> <span class='ocrx_word' id='word_1_41' title='bbox 685 1321 737 1381; x_wconf 83' lang='lat' dir='ltr'><strong>vel</strong></span> <span class='ocrx_word' id='word_1_42' title='bbox 756 1339 882 1382; x_wconf 84' lang='lat' dir='ltr'><strong>omnem</strong></span> <span class='ocrx_word' id='word_1_43' title='bbox 903 1320 937 1382; x_wconf 89' lang='lat' dir='ltr'><strong>in</strong></span> <span class='ocrx_word' id='word_1_44' title='bbox 955 1318 1157 1381; x_wconf 72' lang='lat' dir='ltr'><strong>manifestum</strong></span> <span class='ocrx_word' id='word_1_45' title='bbox 1174 1321 1242 1383; x_wconf 76' lang='lat' dir='ltr'><strong>cxi-</strong></span> 
     </span>
     <span class='ocr_line' id='line_1_7' title="bbox 217 1418 1243 1503; baseline 0.002 -22"><span class='ocrx_word' id='word_1_46' title='bbox 217 1421 292 1483; x_wconf 92' lang='lat' dir='ltr'><strong>timn</strong></span> <span class='ocrx_word' id='word_1_47' title='bbox 325 1422 534 1483; x_wconf 74' lang='lat' dir='ltr'><strong>valetudinem</strong></span> <span class='ocrx_word' id='word_1_48' title='bbox 561 1418 679 1500; x_wconf 84' lang='lat' dir='ltr'><strong>abjicit.</strong></span> <span class='ocrx_word' id='word_1_49' title='bbox 726 1421 823 1502; x_wconf 82' lang='lat' dir='ltr'><strong>Quod</strong></span> <span class='ocrx_word' id='word_1_50' title='bbox 847 1421 964 1484; x_wconf 84' lang='lat' dir='ltr'><strong>sinon</strong></span> <span class='ocrx_word' id='word_1_51' title='bbox 990 1418 1157 1496; x_wconf 83' lang='lat' dir='ltr'><strong>omnibus,</strong></span> <span class='ocrx_word' id='word_1_52' title='bbox 1186 1421 1243 1503; x_wconf 81' lang='lat' dir='ltr'><strong>qni</strong></span> 
     </span>
     <span class='ocr_line' id='line_1_8' title="bbox 215 1520 1242 1602; baseline -0.002 -19"><span class='ocrx_word' id='word_1_53' title='bbox 215 1522 302 1583; x_wconf 86' lang='lat' dir='ltr'><strong>bono</strong></span> <span class='ocrx_word' id='word_1_54' title='bbox 316 1521 408 1582; x_wconf 87' lang='lat' dir='ltr'><strong>etiam</strong></span> <span class='ocrx_word' id='word_1_55' title='bbox 420 1533 492 1583; x_wconf 90' lang='lat' dir='ltr'><strong>sunt</strong></span> <span class='ocrx_word' id='word_1_56' title='bbox 505 1520 650 1602; x_wconf 84' lang='lat' dir='ltr'><strong>corporis</strong></span> <span class='ocrx_word' id='word_1_57' title='bbox 667 1520 793 1595; x_wconf 87' lang='lat' dir='ltr'><strong>habitu,</strong></span> <span class='ocrx_word' id='word_1_58' title='bbox 813 1531 845 1583; x_wconf 90' lang='lat' dir='ltr'><strong>et</strong></span> <span class='ocrx_word' id='word_1_59' title='bbox 856 1522 943 1583; x_wconf 88' lang='lat' dir='ltr'><strong>nutto</strong></span> <span class='ocrx_word' id='word_1_60' title='bbox 955 1531 1104 1583; x_wconf 87' lang='lat' dir='ltr'><strong>tenentur</strong></span> <span class='ocrx_word' id='word_1_61' title='bbox 1115 1520 1242 1593; x_wconf 83' lang='lat' dir='ltr'><strong>morbo,</strong></span> 
     </span>
     <span class='ocr_line' id='line_1_9' title="bbox 214 1620 1241 1706; baseline 0 -23"><span class='ocrx_word' id='word_1_62' title='bbox 214 1622 426 1701; x_wconf 65' lang='lat' dir='ltr'><strong>conrnndpere</strong></span> <span class='ocrx_word' id='word_1_63' title='bbox 446 1623 654 1702; x_wconf 65' lang='lat' dir='ltr'><strong>permittitur,</strong></span> <span class='ocrx_word' id='word_1_64' title='bbox 685 1634 803 1706; x_wconf 71' lang='lat' dir='ltr'><strong>quiante</strong></span> <span class='ocrx_word' id='word_1_65' title='bbox 820 1621 882 1683; x_wconf 78' lang='lat' dir='ltr'><strong>tttis</strong></span> <span class='ocrx_word' id='word_1_66' title='bbox 903 1622 965 1683; x_wconf 88' lang='lat' dir='ltr'><strong>hoc</strong></span> <span class='ocrx_word' id='word_1_67' title='bbox 986 1620 1174 1701; x_wconf 77' lang='lat' dir='ltr'><strong>fugiendum</strong></span> <span class='ocrx_word' id='word_1_68' title='bbox 1194 1633 1241 1684; x_wconf 74' lang='lat' dir='ltr'><strong>est</strong></span> 
     </span>
     <span class='ocr_line' id='line_1_10' title="bbox 214 1722 1241 1804; baseline -0.001 -21"><span class='ocrx_word' id='word_1_69' title='bbox 214 1742 328 1801; x_wconf 83' lang='lat' dir='ltr'><strong>opere,</strong></span> <span class='ocrx_word' id='word_1_70' title='bbox 350 1730 431 1804; x_wconf 82' lang='lat' dir='ltr'><strong>q&#39;nos</strong></span> <span class='ocrx_word' id='word_1_71' title='bbox 450 1723 496 1785; x_wconf 86' lang='lat' dir='ltr'><strong>sic</strong></span> <span class='ocrx_word' id='word_1_72' title='bbox 511 1723 630 1787; x_wconf 85' lang='lat' dir='ltr'><strong>amissis</strong></span> <span class='ocrx_word' id='word_1_73' title='bbox 648 1723 767 1785; x_wconf 83' lang='lat' dir='ltr'><strong>viribus</strong></span> <span class='ocrx_word' id='word_1_74' title='bbox 786 1722 965 1803; x_wconf 80' lang='lat' dir='ltr'><strong>reparando</strong></span> <span class='ocrx_word' id='word_1_75' title='bbox 984 1722 1241 1785; x_wconf 65' lang='lat' dir='ltr'><strong>convalescentiae</strong></span> 
     </span>
     <span class='ocr_line' id='line_1_11' title="bbox 213 1821 1240 1905; baseline 0 -22"><span class='ocrx_word' id='word_1_76' title='bbox 213 1821 349 1884; x_wconf 89' lang='lat' dir='ltr'><strong>studium</strong></span> <span class='ocrx_word' id='word_1_77' title='bbox 376 1824 540 1886; x_wconf 82' lang='lat' dir='ltr'><strong>intendere</strong></span> <span class='ocrx_word' id='word_1_78' title='bbox 562 1822 716 1905; x_wconf 82' lang='lat' dir='ltr'><strong>oportet?</strong></span> <span class='ocrx_word' id='word_1_79' title='bbox 753 1824 795 1885; x_wconf 88' lang='lat' dir='ltr'><strong>Et</strong></span> <span class='ocrx_word' id='word_1_80' title='bbox 821 1822 849 1885; x_wconf 83' lang='lat' dir='ltr'><strong>si</strong></span> <span class='ocrx_word' id='word_1_81' title='bbox 869 1832 943 1884; x_wconf 83' lang='lat' dir='ltr'><strong>ante</strong></span> <span class='ocrx_word' id='word_1_82' title='bbox 962 1822 1119 1884; x_wconf 86' lang='lat' dir='ltr'><strong>decimum</strong></span> <span class='ocrx_word' id='word_1_83' title='bbox 1145 1842 1240 1905; x_wconf 85' lang='lat' dir='ltr'><strong>quar-</strong></span> 
     </span>
     <span class='ocr_line' id='line_1_12' title="bbox 214 1922 1242 2006; baseline 0 -23"><span class='ocrx_word' id='word_1_84' title='bbox 214 1934 279 1983; x_wconf 92' lang='lat' dir='ltr'><strong>tmn</strong></span> <span class='ocrx_word' id='word_1_85' title='bbox 300 1924 394 1983; x_wconf 71' lang='lat' dir='ltr'><strong>aetatis</strong></span> <span class='ocrx_word' id='word_1_86' title='bbox 421 1945 555 1995; x_wconf 81' lang='lat' dir='ltr'><strong>munim,</strong></span> <span class='ocrx_word' id='word_1_87' title='bbox 580 1944 677 2001; x_wconf 78' lang='lat' dir='ltr'><strong>nemo</strong></span> <span class='ocrx_word' id='word_1_88' title='bbox 703 1943 784 2003; x_wconf 87' lang='lat' dir='ltr'><strong>puer</strong></span> <span class='ocrx_word' id='word_1_89' title='bbox 808 1922 947 2006; x_wconf 82' lang='lat' dir='ltr'><strong>co‘c&#39;uudi</strong></span> <span class='ocrx_word' id='word_1_90' title='bbox 968 1940 1081 2003; x_wconf 85' lang='lat' dir='ltr'><strong>potens</strong></span> <span class='ocrx_word' id='word_1_91' title='bbox 1106 1934 1173 1998; x_wconf 87' lang='lat' dir='ltr'><strong>est,</strong></span> <span class='ocrx_word' id='word_1_92' title='bbox 1193 1934 1242 1983; x_wconf 54' lang='lat' dir='ltr'><strong>nt*</strong></span> 
     </span>
     <span class='ocr_line' id='line_1_13' title="bbox 213 2020 1243 2105; baseline 0.003 -25"><span class='ocrx_word' id='word_1_93' title='bbox 213 2032 288 2101; x_wconf 74' lang='lat' dir='ltr'><strong>prote</strong></span> <span class='ocrx_word' id='word_1_94' title='bbox 309 2041 374 2082; x_wconf 87' lang='lat' dir='ltr'><strong>non</strong></span> <span class='ocrx_word' id='word_1_95' title='bbox 393 2020 492 2100; x_wconf 83' lang='lat' dir='ltr'><strong>pionis</strong></span> <span class='ocrx_word' id='word_1_96' title='bbox 516 2023 608 2093; x_wconf 92' lang='lat' dir='ltr'><strong>dnm,</strong></span> <span class='ocrx_word' id='word_1_97' title='bbox 638 2024 763 2084; x_wconf 85' lang='lat' dir='ltr'><strong>adrem</strong></span> <span class='ocrx_word' id='word_1_98' title='bbox 783 2023 991 2103; x_wconf 76' lang='lat' dir='ltr'><strong>periculosam</strong></span> <span class='ocrx_word' id='word_1_99' title='bbox 1014 2021 1243 2105; x_wconf 74' lang='lat' dir='ltr'><strong>experiundam</strong></span> 
     </span>
     <span class='ocr_line' id='line_1_14' title="bbox 211 2108 1242 2206; baseline 0.009 -27"><span class='ocrx_word' id='word_1_100' title='bbox 211 2120 349 2193; x_wconf 79' lang='lat' dir='ltr'><strong>viribus,</strong></span> <span class='ocrx_word' id='word_1_101' title='bbox 377 2141 470 2203; x_wconf 84' lang='lat' dir='ltr'><strong>quam</strong></span> <span class='ocrx_word' id='word_1_102' title='bbox 498 2122 601 2183; x_wconf 84' lang='lat' dir='ltr'><strong>danda</strong></span> <span class='ocrx_word' id='word_1_103' title='bbox 628 2108 815 2202; x_wconf 78' lang='lat' dir='ltr'><strong>operaest,</strong></span> <span class='ocrx_word' id='word_1_104' title='bbox 846 2144 888 2184; x_wconf 91' lang='lat' dir='ltr'><strong>ne</strong></span> <span class='ocrx_word' id='word_1_105' title='bbox 912 2125 970 2206; x_wconf 88' lang='lat' dir='ltr'><strong>qui</strong></span> <span class='ocrx_word' id='word_1_106' title='bbox 990 2123 1036 2187; x_wconf 86' lang='lat' dir='ltr'><strong>sic</strong></span> <span class='ocrx_word' id='word_1_107' title='bbox 1056 2123 1242 2199; x_wconf 79' lang='lat' dir='ltr'><strong>renascitur,</strong></span> 
     </span>
     <span class='ocr_line' id='line_1_15' title="bbox 213 2220 1242 2305; baseline 0.003 -22"><span class='ocrx_word' id='word_1_108' title='bbox 213 2226 381 2303; x_wconf 70' lang='lat' dir='ltr'><strong>anterpmm</strong></span> <span class='ocrx_word' id='word_1_109' title='bbox 393 2220 524 2303; x_wconf 86' lang='lat' dir='ltr'><strong>recipiat</strong></span> <span class='ocrx_word' id='word_1_110' title='bbox 540 2221 642 2295; x_wconf 88' lang='lat' dir='ltr'><strong>vires,</strong></span> <span class='ocrx_word' id='word_1_111' title='bbox 658 2233 778 2284; x_wconf 89' lang='lat' dir='ltr'><strong>temere</strong></span> <span class='ocrx_word' id='word_1_112' title='bbox 791 2225 1033 2286; x_wconf 85' lang='lat' dir='ltr'><strong>convellendum</strong></span> <span class='ocrx_word' id='word_1_113' title='bbox 1045 2245 1080 2286; x_wconf 87' lang='lat' dir='ltr'><strong>se</strong></span> <span class='ocrx_word' id='word_1_114' title='bbox 1094 2224 1242 2305; x_wconf 73' lang='lat' dir='ltr'><strong>praebeat.</strong></span> 
     </span>
     <span class='ocr_line' id='line_1_16' title="bbox 212 2320 1242 2407; baseline 0.002 -22"><span class='ocrx_word' id='word_1_115' title='bbox 212 2320 398 2386; x_wconf 87' lang='lat' dir='ltr'><strong>Proximum</strong></span> <span class='ocrx_word' id='word_1_116' title='bbox 416 2324 505 2399; x_wconf 84' lang='lat' dir='ltr'><strong>hnic,</strong></span> <span class='ocrx_word' id='word_1_117' title='bbox 529 2324 604 2407; x_wconf 87' lang='lat' dir='ltr'><strong>qnia</strong></span> <span class='ocrx_word' id='word_1_118' title='bbox 621 2321 692 2405; x_wconf 82' lang='lat' dir='ltr'><strong>jugi</strong></span> <span class='ocrx_word' id='word_1_119' title='bbox 705 2324 793 2384; x_wconf 82' lang='lat' dir='ltr'><strong>farno</strong></span> <span class='ocrx_word' id='word_1_120' title='bbox 809 2324 1002 2399; x_wconf 83' lang='lat' dir='ltr'><strong>extenuatis,</strong></span> <span class='ocrx_word' id='word_1_121' title='bbox 1027 2324 1178 2387; x_wconf 83' lang='lat' dir='ltr'><strong>acerrima</strong></span> <span class='ocrx_word' id='word_1_122' title='bbox 1195 2324 1242 2387; x_wconf 91' lang='lat' dir='ltr'><strong>in·</strong></span> 
     </span>
     <span class='ocr_line' id='line_1_17' title="bbox 211 2420 1244 2508; baseline 0.002 -22"><span class='ocrx_word' id='word_1_123' title='bbox 211 2422 331 2487; x_wconf 85' lang='lat' dir='ltr'><strong>cumbit</strong></span> <span class='ocrx_word' id='word_1_124' title='bbox 349 2425 465 2486; x_wconf 90' lang='lat' dir='ltr'><strong>edendi</strong></span> <span class='ocrx_word' id='word_1_125' title='bbox 488 2420 684 2505; x_wconf 84' lang='lat' dir='ltr'><strong>appetentia,</strong></span> <span class='ocrx_word' id='word_1_126' title='bbox 709 2424 834 2485; x_wconf 86' lang='lat' dir='ltr'><strong>minime</strong></span> <span class='ocrx_word' id='word_1_127' title='bbox 854 2424 1020 2507; x_wconf 80' lang='lat' dir='ltr'><strong>indulgere</strong></span> <span class='ocrx_word' id='word_1_128' title='bbox 1039 2427 1071 2488; x_wconf 86' lang='lat' dir='ltr'><strong>ei</strong></span> <span class='ocrx_word' id='word_1_129' title='bbox 1090 2437 1122 2486; x_wconf 86' lang='lat' dir='ltr'><strong>et</strong></span> <span class='ocrx_word' id='word_1_130' title='bbox 1143 2447 1244 2508; x_wconf 84' lang='lat' dir='ltr'><strong>quan·</strong></span> 
     </span>
     <span class='ocr_line' id='line_1_18' title="bbox 210 2522 1244 2615; baseline 0 -28"><span class='ocrx_word' id='word_1_131' title='bbox 210 2536 277 2587; x_wconf 92' lang='lat' dir='ltr'><strong>tum</strong></span> <span class='ocrx_word' id='word_1_132' title='bbox 302 2524 372 2587; x_wconf 85' lang='lat' dir='ltr'><strong>iicri</strong></span> <span class='ocrx_word' id='word_1_133' title='bbox 398 2524 515 2604; x_wconf 88' lang='lat' dir='ltr'><strong>possit,</strong></span> <span class='ocrx_word' id='word_1_134' title='bbox 538 2522 816 2587; x_wconf 82' lang='lat' dir='ltr'><strong>¹continentissime</strong></span> <span class='ocrx_word' id='word_1_135' title='bbox 844 2524 928 2586; x_wconf 87' lang='lat' dir='ltr'><strong>circa</strong></span> <span class='ocrx_word' id='word_1_136' title='bbox 957 2525 1059 2588; x_wconf 86' lang='lat' dir='ltr'><strong>rictus</strong></span> <span class='ocrx_word' id='word_1_137' title='bbox 1079 2526 1244 2615; x_wconf 77' lang='lat' dir='ltr'><strong>rationem</strong></span> 
     </span>
     <span class='ocr_line' id='line_1_19' title="bbox 214 2606 1243 2707; baseline 0.002 -24"><span class='ocrx_word' id='word_1_138' title='bbox 214 2624 344 2687; x_wconf 80' lang='lat' dir='ltr'><strong>versari.</strong></span> <span class='ocrx_word' id='word_1_139' title='bbox 383 2624 494 2707; x_wconf 83' lang='lat' dir='ltr'><strong>ltaque</strong></span> <span class='ocrx_word' id='word_1_140' title='bbox 514 2624 694 2705; x_wconf 82' lang='lat' dir='ltr'><strong>perexiguo</strong></span> <span class='ocrx_word' id='word_1_141' title='bbox 714 2606 812 2705; x_wconf 45' lang='lat' dir='ltr'><strong>prius·</strong></span> <span class='ocrx_word' id='word_1_142' title='bbox 826 2625 898 2687; x_wconf 88' lang='lat' dir='ltr'><strong>cibo</strong></span> <span class='ocrx_word' id='word_1_143' title='bbox 925 2612 1094 2701; x_wconf 81' lang='lat' dir='ltr'><strong>utendum,</strong></span> <span class='ocrx_word' id='word_1_144' title='bbox 1125 2625 1243 2689; x_wconf 87' lang='lat' dir='ltr'><strong>deinde</strong></span> 
     </span>
     <span class='ocr_line' id='line_1_20' title="bbox 210 2723 1255 2815; baseline -0.007 -27"><span class='ocrx_word' id='word_1_145' title='bbox 210 2725 356 2809; x_wconf 82' lang='lat' dir='ltr'><strong>paulatim</strong></span> <span class='ocrx_word' id='word_1_146' title='bbox 377 2723 520 2806; x_wconf 86' lang='lat' dir='ltr'><strong>picnius,</strong></span> <span class='ocrx_word' id='word_1_147' title='bbox 552 2745 612 2787; x_wconf 91' lang='lat' dir='ltr'><strong>nec</strong></span> <span class='ocrx_word' id='word_1_148' title='bbox 638 2725 699 2788; x_wconf 84' lang='lat' dir='ltr'><strong>nisi</strong></span> <span class='ocrx_word' id='word_1_149' title='bbox 727 2726 825 2806; x_wconf 81' lang='lat' dir='ltr'><strong>longo</strong></span> <span class='ocrx_word' id='word_1_150' title='bbox 857 2725 1026 2815; x_wconf 86' lang='lat' dir='ltr'><strong>admodum</strong></span> <span class='ocrx_word' id='word_1_151' title='bbox 1058 2727 1255 2801; x_wconf 74' lang='lat' dir='ltr'><strong>intervallo,¹</strong></span> 
     </span>
     <span class='ocr_line' id='line_1_21' title="bbox 210 2825 1245 2906; baseline -0.004 -15"><span class='ocrx_word' id='word_1_152' title='bbox 210 2828 249 2891; x_wconf 87' lang='lat' dir='ltr'><strong>ad</strong></span> <span class='ocrx_word' id='word_1_153' title='bbox 275 2826 437 2906; x_wconf 90' lang='lat' dir='ltr'><strong>pristinam</strong></span> <span class='ocrx_word' id='word_1_154' title='bbox 464 2825 580 2887; x_wconf 89' lang='lat' dir='ltr'><strong>edendi</strong></span> <span class='ocrx_word' id='word_1_155' title='bbox 608 2826 873 2888; x_wconf 84' lang='lat' dir='ltr'><strong>consuetudinem</strong></span> <span class='ocrx_word' id='word_1_156' title='bbox 897 2826 1142 2901; x_wconf 82' lang='lat' dir='ltr'><strong>revertendum,</strong></span> <span class='ocrx_word' id='word_1_157' title='bbox 1163 2848 1245 2888; x_wconf 76' lang='lat' dir='ltr'><strong>sen·</strong></span> 
     </span>
     <span class='ocr_line' id='line_1_22' title="bbox 209 2926 1255 3010; baseline 0 -20"><span class='ocrx_word' id='word_1_158' title='bbox 209 2928 333 3010; x_wconf 82' lang='lat' dir='ltr'><strong>simque</strong></span> <span class='ocrx_word' id='word_1_159' title='bbox 352 2926 622 3001; x_wconf 84' lang='lat' dir='ltr'><strong>arlsucsccndnm,</strong></span> <span class='ocrx_word' id='word_1_160' title='bbox 652 2927 729 2989; x_wconf 86' lang='lat' dir='ltr'><strong>nihii</strong></span> <span class='ocrx_word' id='word_1_161' title='bbox 758 2926 988 3007; x_wconf 78' lang='lat' dir='ltr'><strong>praecipitanter</strong></span> <span class='ocrx_word' id='word_1_162' title='bbox 1014 2927 1255 2990; x_wconf 74' lang='lat' dir='ltr'><strong>innuendum.-</strong></span> 
     </span>
     <span class='ocr_line' id='line_1_23' title="bbox 210 3022 1254 3109; baseline -0.003 -16"><span class='ocrx_word' id='word_1_163' title='bbox 210 3028 389 3093; x_wconf 85' lang='lat' dir='ltr'><strong>Bibendum</strong></span> <span class='ocrx_word' id='word_1_164' title='bbox 422 3022 527 3090; x_wconf 75' lang='lat' dir='ltr'><strong>antem</strong></span> <span class='ocrx_word' id='word_1_165' title='bbox 561 3027 628 3089; x_wconf 88' lang='lat' dir='ltr'><strong>vini</strong></span> <span class='ocrx_word' id='word_1_166' title='bbox 644 3027 787 3090; x_wconf 73' lang='lat' dir='ltr'><strong>omnino</strong></span> <span class='ocrx_word' id='word_1_167' title='bbox 813 3026 906 3100; x_wconf 87' lang='lat' dir='ltr'><strong>nihii,</strong></span> <span class='ocrx_word' id='word_1_168' title='bbox 942 3026 1002 3088; x_wconf 88' lang='lat' dir='ltr'><strong>nisi</strong></span> <span class='ocrx_word' id='word_1_169' title='bbox 1033 3029 1121 3109; x_wconf 89' lang='lat' dir='ltr'><strong>qnod</strong></span> <span class='ocrx_word' id='word_1_170' title='bbox 1147 3031 1254 3090; x_wconf 80' lang='lat' dir='ltr'><strong>muita&#39;</strong></span> 
     </span>
     <span class='ocr_line' id='line_1_24' title="bbox 210 3127 1244 3213; baseline -0.001 -22"><span class='ocrx_word' id='word_1_171' title='bbox 210 3132 297 3212; x_wconf 85' lang='lat' dir='ltr'><strong>prins</strong></span> <span class='ocrx_word' id='word_1_172' title='bbox 321 3149 402 3213; x_wconf 84' lang='lat' dir='ltr'><strong>aqna</strong></span> <span class='ocrx_word' id='word_1_173' title='bbox 427 3128 562 3190; x_wconf 87' lang='lat' dir='ltr'><strong>ditntum</strong></span> <span class='ocrx_word' id='word_1_174' title='bbox 588 3127 646 3203; x_wconf 85' lang='lat' dir='ltr'><strong>sit,</strong></span> <span class='ocrx_word' id='word_1_175' title='bbox 676 3140 711 3189; x_wconf 88' lang='lat' dir='ltr'><strong>et</strong></span> <span class='ocrx_word' id='word_1_176' title='bbox 736 3128 826 3210; x_wconf 88' lang='lat' dir='ltr'><strong>qnod</strong></span> <span class='ocrx_word' id='word_1_177' title='bbox 844 3128 946 3208; x_wconf 76' lang='lat' dir='ltr'><strong>iprum</strong></span> <span class='ocrx_word' id='word_1_178' title='bbox 968 3127 1244 3212; x_wconf 80' lang='lat' dir='ltr'><strong>subtiteatioquin</strong></span> 
     </span>
     <span class='ocr_line' id='line_1_25' title="bbox 211 3227 1244 3310; baseline -0.002 -19"><span class='ocrx_word' id='word_1_179' title='bbox 211 3230 401 3304; x_wconf 89' lang='lat' dir='ltr'><strong>odoratum,</strong></span> <span class='ocrx_word' id='word_1_180' title='bbox 429 3240 461 3289; x_wconf 87' lang='lat' dir='ltr'><strong>ot</strong></span> <span class='ocrx_word' id='word_1_181' title='bbox 481 3232 598 3290; x_wconf 85' lang='lat' dir='ltr'><strong>clarum</strong></span> <span class='ocrx_word' id='word_1_182' title='bbox 618 3229 675 3304; x_wconf 91' lang='lat' dir='ltr'><strong>sit,</strong></span> <span class='ocrx_word' id='word_1_183' title='bbox 705 3228 803 3310; x_wconf 88' lang='lat' dir='ltr'><strong>idque</strong></span> <span class='ocrx_word' id='word_1_184' title='bbox 819 3227 1077 3291; x_wconf 81' lang='lat' dir='ltr'><strong>moderatissime.</strong></span> <span class='ocrx_word' id='word_1_185' title='bbox 1115 3228 1244 3290; x_wconf 81' lang='lat' dir='ltr'><strong>Muniat</strong></span> 
     </span>
     <span class='ocr_line' id='line_1_26' title="bbox 210 3327 1243 3419; baseline -0.004 -26"><span class='ocrx_word' id='word_1_186' title='bbox 210 3350 246 3393; x_wconf 83' lang='lat' dir='ltr'><strong>se</strong></span> <span class='ocrx_word' id='word_1_187' title='bbox 264 3348 344 3389; x_wconf 80' lang='lat' dir='ltr'><strong>vero</strong></span> <span class='ocrx_word' id='word_1_188' title='bbox 366 3339 477 3388; x_wconf 92' lang='lat' dir='ltr'><strong>contra</strong></span> <span class='ocrx_word' id='word_1_189' title='bbox 497 3328 579 3389; x_wconf 72' lang='lat' dir='ltr'><strong>amis</strong></span> <span class='ocrx_word' id='word_1_190' title='bbox 599 3328 1000 3419; x_wconf 63' lang='lat' dir='ltr'><strong>occursum‚&#39;tcmporibus</strong></span> <span class='ocrx_word' id='word_1_191' title='bbox 1018 3327 1153 3391; x_wconf 81' lang='lat' dir='ltr'><strong>maxime</strong></span> <span class='ocrx_word' id='word_1_192' title='bbox 1172 3349 1243 3411; x_wconf 80' lang='lat' dir='ltr'><strong>qnae</strong></span> 
     </span>
     <span class='ocr_line' id='line_1_27' title="bbox 209 3427 1247 3511; baseline -0.002 -18"><span class='ocrx_word' id='word_1_193' title='bbox 209 3428 355 3511; x_wconf 73' lang='lat' dir='ltr'><strong>frigore,</strong></span> <span class='ocrx_word' id='word_1_194' title='bbox 374 3438 473 3489; x_wconf 76' lang='lat' dir='ltr'><strong>remo</strong></span> <span class='ocrx_word' id='word_1_195' title='bbox 493 3448 529 3489; x_wconf 87' lang='lat' dir='ltr'><strong>ac</strong></span> <span class='ocrx_word' id='word_1_196' title='bbox 544 3427 660 3509; x_wconf 87' lang='lat' dir='ltr'><strong>pinviis</strong></span> <span class='ocrx_word' id='word_1_197' title='bbox 678 3429 844 3503; x_wconf 82' lang='lat' dir='ltr'><strong>infestant,</strong></span> <span class='ocrx_word' id='word_1_198' title='bbox 866 3439 919 3489; x_wconf 89' lang='lat' dir='ltr'><strong>ant</strong></span> <span class='ocrx_word' id='word_1_199' title='bbox 937 3448 1016 3489; x_wconf 88' lang='lat' dir='ltr'><strong>vero</strong></span> <span class='ocrx_word' id='word_1_200' title='bbox 1036 3428 1194 3491; x_wconf 82' lang='lat' dir='ltr'><strong>rarissime</strong></span> <span class='ocrx_word' id='word_1_201' title='bbox 1208 3427 1247 3491; x_wconf 89' lang='lat' dir='ltr'><strong>in</strong></span> 
     </span>
     <span class='ocr_line' id='line_1_28' title="bbox 210 3526 1242 3613; baseline 0.001 -24"><span class='ocrx_word' id='word_1_202' title='bbox 210 3530 411 3613; x_wconf 83' lang='lat' dir='ltr'><strong>propatulum</strong></span> <span class='ocrx_word' id='word_1_203' title='bbox 428 3540 530 3591; x_wconf 87' lang='lat' dir='ltr'><strong>exeat.</strong></span> <span class='ocrx_word' id='word_1_204' title='bbox 560 3526 676 3593; x_wconf 88' lang='lat' dir='ltr'><strong>Cibum</strong></span> <span class='ocrx_word' id='word_1_205' title='bbox 689 3529 737 3592; x_wconf 82' lang='lat' dir='ltr'><strong>bis</strong></span> <span class='ocrx_word' id='word_1_206' title='bbox 752 3528 805 3590; x_wconf 90' lang='lat' dir='ltr'><strong>die</strong></span> <span class='ocrx_word' id='word_1_207' title='bbox 822 3539 940 3602; x_wconf 88' lang='lat' dir='ltr'><strong>sumat,</strong></span> <span class='ocrx_word' id='word_1_208' title='bbox 959 3527 1086 3606; x_wconf 83' lang='lat' dir='ltr'><strong>vesperi</strong></span> <span class='ocrx_word' id='word_1_209' title='bbox 1104 3528 1242 3603; x_wconf 85' lang='lat' dir='ltr'><strong>tenuius,</strong></span> 
     </span>
     <span class='ocr_line' id='line_1_29' title="bbox 210 3628 1246 3713; baseline -0.004 -17"><span class='ocrx_word' id='word_1_210' title='bbox 210 3630 321 3713; x_wconf 84' lang='lat' dir='ltr'><strong>ibique</strong></span> <span class='ocrx_word' id='word_1_211' title='bbox 349 3650 512 3712; x_wconf 85' lang='lat' dir='ltr'><strong>uunquam</strong></span> <span class='ocrx_word' id='word_1_212' title='bbox 542 3640 612 3691; x_wconf 90' lang='lat' dir='ltr'><strong>toto</strong></span> <span class='ocrx_word' id='word_1_213' title='bbox 638 3649 680 3705; x_wconf 85' lang='lat' dir='ltr'><strong>eo</strong></span> <span class='ocrx_word' id='word_1_214' title='bbox 707 3639 871 3710; x_wconf 90' lang='lat' dir='ltr'><strong>tempore,</strong></span> <span class='ocrx_word' id='word_1_215' title='bbox 898 3628 1050 3710; x_wconf 88' lang='lat' dir='ltr'><strong>appetitui</strong></span> <span class='ocrx_word' id='word_1_216' title='bbox 1069 3628 1246 3712; x_wconf 78' lang='lat' dir='ltr'><strong>indulgeat,</strong></span> 
     </span>
     <span class='ocr_line' id='line_1_30' title="bbox 211 3713 1245 3823; baseline -0.001 -29"><span class='ocrx_word' id='word_1_217' title='bbox 211 3742 244 3794; x_wconf 88' lang='lat' dir='ltr'><strong>ct</strong></span> <span class='ocrx_word' id='word_1_218' title='bbox 262 3730 433 3794; x_wconf 79' lang='lat' dir='ltr'><strong>satietatem</strong></span> <span class='ocrx_word' id='word_1_219' title='bbox 450 3742 485 3792; x_wconf 89' lang='lat' dir='ltr'><strong>nt</strong></span> <span class='ocrx_word' id='word_1_220' title='bbox 504 3713 626 3793; x_wconf 82' lang='lat' dir='ltr'><strong>summe</strong></span> <span class='ocrx_word' id='word_1_221' title='bbox 642 3731 756 3791; x_wconf 91' lang='lat' dir='ltr'><strong>malum</strong></span> <span class='ocrx_word' id='word_1_222' title='bbox 773 3728 887 3823; x_wconf 78' lang='lat' dir='ltr'><strong>fngiat.</strong></span> <span class='ocrx_word' id='word_1_223' title='bbox 927 3730 1090 3811; x_wconf 77' lang='lat' dir='ltr'><strong>Esumqne</strong></span> <span class='ocrx_word' id='word_1_224' title='bbox 1110 3727 1245 3809; x_wconf 79' lang='lat' dir='ltr'><strong>piscium</strong></span> 
     </span>
     <span class='ocr_line' id='line_1_31' title="bbox 211 3828 1244 3915; baseline -0.004 -21"><span class='ocrx_word' id='word_1_225' title='bbox 211 3831 309 3906; x_wconf 76' lang='lat' dir='ltr'><strong>vitet,</strong></span> <span class='ocrx_word' id='word_1_226' title='bbox 336 3831 435 3914; x_wconf 82' lang='lat' dir='ltr'><strong>magis</strong></span> <span class='ocrx_word' id='word_1_227' title='bbox 455 3851 550 3915; x_wconf 77' lang='lat' dir='ltr'><strong>qrram</strong></span> <span class='ocrx_word' id='word_1_228' title='bbox 573 3828 695 3906; x_wconf 86' lang='lat' dir='ltr'><strong>omnia,</strong></span> <span class='ocrx_word' id='word_1_229' title='bbox 722 3839 754 3892; x_wconf 87' lang='lat' dir='ltr'><strong>et</strong></span> <span class='ocrx_word' id='word_1_230' title='bbox 776 3829 923 3893; x_wconf 82' lang='lat' dir='ltr'><strong>cantibus</strong></span> <span class='ocrx_word' id='word_1_231' title='bbox 941 3840 1087 3893; x_wconf 79' lang='lat' dir='ltr'><strong>vescatur</strong></span> <span class='ocrx_word' id='word_1_232' title='bbox 1110 3850 1153 3891; x_wconf 86' lang='lat' dir='ltr'><strong>cx</strong></span> <span class='ocrx_word' id='word_1_233' title='bbox 1177 3829 1244 3891; x_wconf 82' lang='lat' dir='ltr'><strong>ani-</strong></span> 
     </span>
     <span class='ocr_line' id='line_1_32' title="bbox 211 3922 1246 4016; baseline -0.005 -21"><span class='ocrx_word' id='word_1_234' title='bbox 211 3932 337 3996; x_wconf 79' lang='lat' dir='ltr'><strong>mutum</strong></span> <span class='ocrx_word' id='word_1_235' title='bbox 356 3931 467 4013; x_wconf 77' lang='lat' dir='ltr'><strong>puilia,</strong></span> <span class='ocrx_word' id='word_1_236' title='bbox 483 3953 553 4016; x_wconf 85' lang='lat' dir='ltr'><strong>quae</strong></span> <span class='ocrx_word' id='word_1_237' title='bbox 566 3929 717 4001; x_wconf 80' lang='lat' dir='ltr'><strong>facilioris</strong></span> <span class='ocrx_word' id='word_1_238' title='bbox 735 3940 809 3994; x_wconf 80' lang='lat' dir='ltr'><strong>sunt</strong></span> <span class='ocrx_word' id='word_1_239' title='bbox 822 3922 1057 4004; x_wconf 60' lang='lat' dir='ltr'><strong>concoctione,</strong></span> <span class='ocrx_word' id='word_1_240' title='bbox 1078 3950 1115 3990; x_wconf 81' lang='lat' dir='ltr'><strong>ac</strong></span> <span class='ocrx_word' id='word_1_241' title='bbox 1131 3928 1246 4010; x_wconf 90' lang='lat' dir='ltr'><strong>optimi</strong></span> 
     </span>
     <span class='ocr_line' id='line_1_33' title="bbox 211 4029 1244 4119; baseline -0.003 -21"><span class='ocrx_word' id='word_1_242' title='bbox 211 4032 314 4108; x_wconf 78' lang='lat' dir='ltr'><strong>mcci,</strong></span> <span class='ocrx_word' id='word_1_243' title='bbox 328 4054 399 4117; x_wconf 76' lang='lat' dir='ltr'><strong>qun</strong></span> <span class='ocrx_word' id='word_1_244' title='bbox 411 4052 453 4094; x_wconf 88' lang='lat' dir='ltr'><strong>ex</strong></span> <span class='ocrx_word' id='word_1_245' title='bbox 464 4031 660 4094; x_wconf 88' lang='lat' dir='ltr'><strong>medicorum</strong></span> <span class='ocrx_word' id='word_1_246' title='bbox 668 4050 765 4112; x_wconf 85' lang='lat' dir='ltr'><strong>snper</strong></span> <span class='ocrx_word' id='word_1_247' title='bbox 780 4032 848 4119; x_wconf 46' lang='lat' dir='ltr'><strong>hoc·</strong></span> <span class='ocrx_word' id='word_1_248' title='bbox 855 4030 973 4112; x_wconf 81' lang='lat' dir='ltr'><strong>placitis</strong></span> <span class='ocrx_word' id='word_1_249' title='bbox 983 4029 1174 4112; x_wconf 83' lang='lat' dir='ltr'><strong>dignoscere</strong></span> <span class='ocrx_word' id='word_1_250' title='bbox 1183 4042 1244 4095; x_wconf 78' lang='lat' dir='ltr'><strong>est.</strong></span> 
     </span>
     <span class='ocr_line' id='line_1_34' title="bbox 211 4129 1245 4218; baseline -0.004 -20"><span class='ocrx_word' id='word_1_251' title='bbox 211 4134 320 4218; x_wconf 75' lang='lat' dir='ltr'><strong>Atque</strong></span> <span class='ocrx_word' id='word_1_252' title='bbox 335 4135 401 4197; x_wconf 77' lang='lat' dir='ltr'><strong>trec</strong></span> <span class='ocrx_word' id='word_1_253' title='bbox 418 4132 457 4195; x_wconf 85' lang='lat' dir='ltr'><strong>ad</strong></span> <span class='ocrx_word' id='word_1_254' title='bbox 477 4132 560 4195; x_wconf 81' lang='lat' dir='ltr'><strong>duos</strong></span> <span class='ocrx_word' id='word_1_255' title='bbox 575 4130 644 4194; x_wconf 82' lang='lat' dir='ltr'><strong>ittos</strong></span> <span class='ocrx_word' id='word_1_256' title='bbox 663 4141 718 4196; x_wconf 85' lang='lat' dir='ltr'><strong>aut</strong></span> <span class='ocrx_word' id='word_1_257' title='bbox 734 4141 798 4194; x_wconf 76' lang='lat' dir='ltr'><strong>tres</strong></span> <span class='ocrx_word' id='word_1_258' title='bbox 823 4149 947 4193; x_wconf 80' lang='lat' dir='ltr'><strong>memes</strong></span> <span class='ocrx_word' id='word_1_259' title='bbox 962 4129 1150 4206; x_wconf 78' lang='lat' dir='ltr'><strong>referenda,</strong></span> <span class='ocrx_word' id='word_1_260' title='bbox 1170 4150 1245 4194; x_wconf 78' lang='lat' dir='ltr'><strong>nm</strong></span> 
     </span>
     <span class='ocr_line' id='line_1_35' title="bbox 213 4222 1244 4317; baseline 0 -22"><span class='ocrx_word' id='word_1_261' title='bbox 213 4253 283 4317; x_wconf 79' lang='lat' dir='ltr'><strong>qrrae</strong></span> <span class='ocrx_word' id='word_1_262' title='bbox 304 4241 456 4314; x_wconf 74' lang='lat' dir='ltr'><strong>preterea</strong></span> <span class='ocrx_word' id='word_1_263' title='bbox 472 4222 687 4309; x_wconf 70' lang='lat' dir='ltr'><strong>observande,</strong></span> <span class='ocrx_word' id='word_1_264' title='bbox 716 4252 759 4296; x_wconf 81' lang='lat' dir='ltr'><strong>ex</strong></span> <span class='ocrx_word' id='word_1_265' title='bbox 774 4230 909 4315; x_wconf 75' lang='lat' dir='ltr'><strong>hisque</strong></span> <span class='ocrx_word' id='word_1_266' title='bbox 925 4241 1104 4314; x_wconf 80' lang='lat' dir='ltr'><strong>sequnntur</strong></span> <span class='ocrx_word' id='word_1_267' title='bbox 1120 4230 1244 4312; x_wconf 79' lang='lat' dir='ltr'><strong>placitu</strong></span> 
     </span>
     <span class='ocr_line' id='line_1_36' title="bbox 213 4330 1245 4415; baseline 0.002 -20"><span class='ocrx_word' id='word_1_268' title='bbox 213 4330 384 4399; x_wconf 73' lang='lat' dir='ltr'><strong>discantur.</strong></span> <span class='ocrx_word' id='word_1_269' title='bbox 407 4330 1245 4415; x_wconf 66' lang='lat' dir='ltr'><strong>Breviterenimedmoncboquedrmmontmhis</strong></span> 
     </span>
    </p>
   </div>
   <div class='ocr_carea' id='block_1_3' title="bbox 0 0 1320 5086">
    <p class='ocr_par' dir='ltr' id='par_1_3' title="bbox 0 0 1320 5086">
     <span class='ocr_line' id='line_1_37' title="bbox 0 0 1320 5086; baseline 0 0"><span class='ocrx_word' id='word_1_270' title='bbox 0 0 1320 5086; x_wconf 95' lang='lat' dir='ltr'><strong> </strong></span> 
     </span>
    </p>
   </div>
  </div>
 </body>
</html>
