2632 5086
239 763 283 836 76
511 761 566 834 Ad
591 760 693 832 Bilib.
716 759 962 831 Pirckheimer

236 962 292 1013 est.
330 953 396 1015 Jam
416 956 476 1015 hoc
500 955 583 1015 enim
601 973 783 1033 persuasum
803 949 946 1014 omnibus
967 928 1030 1025 esi,
1055 971 1123 1032 que
1144 968 1244 1030 opera

236 1054 382 1114 restratin
402 1067 490 1130 sum,
520 1076 556 1115 ca
575 1055 703 1133 egregia
726 1074 814 1125 esse,
835 1064 887 1113 aut
906 1052 1022 1133 magis,
1053 1071 1146 1133 quarn
1165 1049 1244 1109 alio·

235 1171 305 1214 rum
325 1175 365 1212 ex
391 1167 467 1214 voto
494 1153 652 1215 homiuum
672 1152 857 1225 labrefacta3
885 1163 951 1212 tum
974 1140 1055 1217 lania
1073 1162 1133 1222 est,
1168 1146 1244 1211 nihil

235 1253 319 1332 apud
342 1276 398 1315 ros
419 1245 593 1314 adulterari.¹
640 1252 740 1328 Cujus
761 1254 808 1314 rei
830 1253 919 1313 ltaliae
939 1250 1172 1331 persuasionem
1193 1250 1246 1311 vel

235 1352 399 1414 maximam
418 1352 468 1416 sui
479 1355 676 1418 documento
697 1351 806 1414 indidit
824 1353 873 1414 ille
887 1362 995 1412 nostro
1008 1372 1074 1412 mro
1092 1348 1245 1429 pingendi

236 1454 365 1513 artificio
377 1454 503 1533 Apelles
516 1454 746 1516 nLssEttTUS
765 1439 935 1515 D'URER:
958 1472 1051 1533 quem
1066 1450 1125 1523 illi,
1146 1469 1245 1530 quum

236 1551 310 1613 nihil
336 1552 425 1614 facilc
445 1555 636 1615 Germanum
655 1550 772 1615 lmrdari
792 1553 873 1629 apud
893 1570 943 1624 se,
970 1562 1022 1611 ant
1041 1572 1082 1610 ex
1103 1548 1245 1623 invidia,

236 1673 299 1734 qua
318 1674 393 1731 gens
414 1652 462 1714 illa
483 1653 679 1732 peculiariter
698 1653 831 1725 loborat,
854 1662 906 1712 aul
921 1662 1044 1728 recepta
1063 1650 1125 1726 jam
1145 1650 1243 1729 vulgo

236 1751 279 1814 ibi
300 1751 468 1831 opinione,
499 1752 537 1813 ad
558 1753 662 1814 omnia
686 1776 754 1834 quae
775 1751 903 1832 iugenio
927 1750 1095 1829 indigent,
1115 1748 1245 1825 hebetes

236 1872 294 1913 nos
314 1872 400 1925 esse,
433 1864 464 1914 et
485 1853 617 1927 inertes,
646 1851 820 1930 patiuntur,
851 1850 893 1911 ita
909 1861 1012 1910 tamen
1036 1848 1244 1924 arlnrirautur,

236 1963 352 2013 utnon
376 1953 477 2012 solum
505 1955 586 2012 ultro
620 1952 650 2014 ei
672 1951 863 2024 concedant,
898 1950 955 2010 sed
981 1959 1011 2009 et
1033 1948 1180 2029 quidam,
1210 1959 1248 2020 ut

237 2072 333 2131 opera
354 2072 408 2112 sua
426 2051 632 2112 vendibilium
647 2051 778 2126 faciant,
806 2051 885 2113 illius
905 2050 964 2118 sub
979 2052 1104 2111 nomine
1119 2049 1148 2124 *l
1169 2069 1248 2130 pro-
1287 2108 1291 2115 ,

235 2163 363 2232 ponant.
402 2150 437 2210 ln
459 2160 599 2212 nostrum
620 2149 763 2217 ordinem
782 2153 863 2211 lente
886 2151 1052 2210 admodum
1071 2149 1168 2228 serpit
1184 2151 1272 2219 hoe,

234 2249 371 2323 bonurn3
392 2249 493 2312 multis
506 2261 560 2310 ‚tot
580 2249 642 2328 jani
661 2272 759 2313 annos
774 2248 971 2328 pertinaciter
987 2249 1249 2326 existimantibus,

235 2362 346 2431 praeter
379 2361 556 2433 equestrem
583 2351 763 2433 dignitatem
791 2371 860 2412 esse
884 2350 985 2411 literas
1012 2348 1107 2410 sciro:
1140 2370 1249 2431 neque

236 2450 297 2513 alid
325 2451 421 2527 magis
450 2461 501 2510 aut
522 2450 613 2530 prius
640 2451 787 2512 invidiam
820 2451 902 2530 apud
927 2471 985 2512 nos
1012 2451 1131 2529 peperit
1160 2452 1248 2513 claro

235 2550 344 2633 Equiti
372 2550 685 2624 ElTELWOLFO,
721 2572 813 2632 quam
837 2551 925 2631 qtrod
940 2550 965 2610 is
986 2551 1064 2609 lianc
1087 2547 1119 2608 in
1139 2549 1250 2628 primis

237 2649 280 2710 ob
300 2649 445 2710 virtutem
464 2649 654 2722 emersisset,
683 2672 719 2710 ae
741 2661 840 2710 tantus
857 2649 1054 2730 esset;‚qui,
1083 2670 1180 2730 quum
1201 2649 1249 2712 in-

236 2748 408 2809 notescenti
433 2747 494 2826 jam
517 2749 590 2809 mihi
612 2771 667 2810 sua
693 2771 753 2830 ope
773 2770 896 2831 suoque
916 2748 1064 2822 consilio,
1095 2761 1251 2830 quantum

236 2859 359 2929 posset,
388 2847 582 2925 presidium,
611 2848 766 2924 adferret,
799 2861 891 2930 atque
916 2868 984 2909 earn
1008 2849 1047 2909 ad
1073 2869 1140 2910 rem
1164 2849 1252 2911 nacti

237 2967 374 3010 essemus
389 2945 582 3025 Principem,
606 2969 699 3026 supra
714 2951 873 3029 vulgarem
890 2947 959 3024 ejus
976 2947 1094 3011 ordinis
1112 2960 1253 3026 captum,

235 3047 369 3130 ingeniis
386 3044 499 3126 pariter
522 3067 555 3106 ac
574 3046 668 3113 literis
689 3050 862 3122 laventem,
890 3049 972 3109 hunc
986 3049 1050 3123 **),
1079 3050 1252 3128 Bilibalde,

237 3168 331 3228 quem
355 3158 389 3207 tn
413 3159 496 3207 recte
521 3147 696 3222 admiraris,
733 3149 998 3221 ALBER'I'UM3
1034 3149 1159 3231 jamque
1184 3172 1251 3233 ego

237 3246 317 3306 illins
347 3246 438 3306 simul
463 3248 636 3325 suffragiis,
671 3268 705 3306 ae
732 3247 841 3327 optimi
875 3247 1028 3327 Principis
1066 3248 1253 3315 liberalitate

237 3364 449 3425 emergerem,
471 3345 601 3418 occidit,
629 3347 710 3424 proh
725 3348 835 3421 dolor,
856 3346 980 3408 oceidit.
1019 3348 1255 3427 Optimoenim

237 3442 307 3526 jure
325 3443 393 3525 ejrrs
410 3457 541 3507 mortem
560 3446 670 3520 doleo,
692 3446 746 3526 qui
764 3467 862 3507 meam
882 3445 1132 3524 adjuvit-vitam,
1150 3469 1254 3529 quau·
1287 3502 1290 3519 ,

238 3567 330 3627 quam
357 3566 420 3605 non
450 3555 511 3605 tam
535 3543 655 3625 privato
683 3565 754 3607 meo
787 3547 987 3607 incommodo
1014 3547 1128 3608 oceidit
1152 3547 1254 3609 Eitel·

238 3645 373 3717 wolfus,
403 3665 495 3725 quam
511 3644 637 3725 publico
658 3645 819 3706 literarum
835 3665 870 3704 ac
886 3645 1079 3708 literatorum
1100 3646 1255 3711 omnium.

239 3745 309 3809 Jam
335 3743 482 3824 quiddam
508 3745 632 3825 parabat
662 3744 762 3819 enirn,
793 3767 857 3826 quo
878 3745 943 3822 m)
970 3747 1061 3809 nobis
1084 3747 1255 3827 magnifiee

168 3830 170 3835 ⁵
237 3847 412 3907 consultum
436 3843 566 3916 luisset;
607 3843 666 3905 nisi
691 3844 906 3922 intempestiva
938 3865 1021 3906 mors
1046 3844 1258 3921 sanctissimas¹
1301 3826 1310 3844 ⁵

238 3944 371 4007 hominis
394 3941 599 4022 cogitationes
626 3941 851 4022 interrupisset.
905 3944 1027 4006 Verum
1049 3946 1157 4006 dolere
1176 3929 1255 4009 meo

205 4069 208 4077 ¹
237 4042 362 4123 longius
373 4062 502 4124 evagor.
533 4043 631 4119 Huic,
647 4043 792 4125 inquam,
810 4045 861 4106 nti
873 4044 942 4107 viro
956 4043 1104 4107 invidiam
1116 4044 1257 4126 peperit,

242 4185 405 4201 μ--α-ι
929 4176 941 4205 .

273 4273 296 4328 *t
312 4277 372 4322 nacti
390 4277 497 4323 nomine:
516 4290 546 4323 ac
563 4281 727 4335 suscriptione
744 4280 960 4338 durclrgestrlchen.
1004 4271 1050 4341 ll)
1070 4284 1154 4328 tuuc:
1172 4282 1256 4331 istm

273 4356 331 4420 W>
348 4373 413 4418 orso:
431 4363 502 4407 unde.
536 4417 538 4422 ἲ
