2632 5086
213 790 285 858 300
499 770 563 859 De
588 780 741 882 Guajaci
764 777 947 871 medicina

213 994 296 1061 que,
321 994 390 1038 non
403 972 513 1045 eibum
532 994 600 1059 quo
618 973 745 1048 vivant,
765 972 821 1034 sed
843 972 963 1054 quibus
980 972 1084 1051 gulam
1104 969 1242 1045 irritent,

213 1074 430 1157 aceppetitum
442 1076 592 1150 invitent,
607 1074 769 1137 illecebras
783 1083 937 1156 quaerunt.
968 1073 1077 1154 Atque
1088 1071 1136 1132 lris
1148 1093 1245 1155 qrram

212 1186 319 1239 sancte
346 1174 461 1238 invidit
485 1178 640 1250 Galenus,
667 1176 796 1258 qnando
817 1174 856 1235 ab
877 1172 1080 1235 ebriosorum
1106 1183 1139 1234 et
1163 1175 1245 1254 gule

212 1276 394 1342 deditorum
420 1275 603 1350 hominum,
633 1275 658 1337 si
689 1275 818 1359 quando
847 1283 1053 1357 aegrotarent,
1080 1274 1245 1337 curatione

210 1376 375 1442 interdixit
405 1375 547 1439 medicis.
586 1376 808 1439 Reducervaut
823 1373 908 1436 enim
932 1372 1019 1447 cito,
1043 1371 1164 1456 inquit,
1186 1395 1244 1456 per

211 1478 283 1542 vita
295 1476 582 1556 intemperantiam,
595 1477 713 1539 crudos
729 1476 879 1538 humores
889 1522 898 1553 ,
910 1488 945 1539 ut
956 1476 1075 1539 frustra
1088 1497 1245 1540 evacrren-

211 1590 265 1643 tur
277 1580 339 1644 isti.
376 1579 454 1644 Cito
471 1581 632 1658 expletur,
655 1577 870 1655 Hieronymus
891 1576 949 1650 ait,
969 1588 1087 1640 nature
1104 1577 1245 1640 rrecessi-

211 1690 276 1755 tas,
306 1678 409 1761 lrigus
432 1678 566 1759 simplici
591 1677 708 1740 vestitu
730 1688 764 1739 et
781 1676 880 1739 sames
899 1676 973 1738 cibo
993 1677 1107 1757 expelli
1126 1687 1242 1756 potest.

211 1778 428 1854 Anaxerxee,
449 1779 620 1842 Persarum
639 1799 717 1852 rex,
737 1778 777 1839 ad
798 1798 867 1839 eam
886 1776 1057 1858 aliquando
1074 1776 1244 1840 necessita-

211 1887 277 1945 tem
295 1880 462 1954 redactus,
488 1890 525 1943 ut
552 1879 620 1943 licis
643 1877 738 1940 aridis
758 1889 790 1938 et
814 1898 895 1958 pane
921 1879 1078 1938 ordeaceo
1099 1896 1242 1939 vescere-

212 1993 282 2057 tur,
301 2001 410 2044 rerum
428 1976 616 2044 varietatem
634 1979 726 2042 simul
747 1989 779 2039 et
797 1998 884 2040 suam
907 1978 1067 2040 fortunam
1082 1988 1244 2058 contemp·

212 2082 310 2145 latus:
332 2077 532 2159 cujusmodi,
552 2080 674 2161 inquit,
694 2079 866 2160 voluptatis
885 2090 1048 2159 expertem
1065 2098 1120 2147 me¹
1131 2079 1244 2159 regalis

212 2180 333 2245 fecerat
350 2179 544 2243 affluentia?
576 2182 652 2260 Quo
671 2181 818 2259 exemplo
832 2178 1008 2258 intelligere
1028 2181 1136 2253 datur,
1155 2179 1244 2261 quod

213 2279 248 2351 ni
269 2279 326 2363 qui
348 2302 443 2363 parce
460 2280 575 2343 vivunt
594 2290 627 2342 et
644 2279 769 2354 sobrie,
786 2280 848 2342 soli
869 2281 903 2342 in
922 2283 992 2342 luce
1012 2290 1194 2355 versantur,
1214 2291 1246 2342 et

213 2381 325 2448 avere
344 2401 380 2443 se
400 2380 597 2464 intelligunt,
626 2380 683 2464 qui
701 2392 812 2443 contra
839 2380 1004 2461 indulgent
1030 2380 1183 2459 corpori,
1211 2399 1247 2442 ae

215 2482 322 2546 omnia
339 2482 400 2544 sibi
426 2480 640 2564 ingurgitant,
669 2480 702 2543 in
722 2481 911 2563 quibusdam
931 2482 1020 2562 qnasi
1037 2480 1177 2543 tenebris
1196 2502 1246 2544 er·

214 2593 338 2658 rantes,
358 2602 427 2644 non
439 2581 577 2642 sentiunt
590 2602 678 2644 suam
695 2580 754 2661 ipsi
772 2580 877 2643 vitam.
918 2583 1057 2642 'fantum
1072 2581 1176 2656 abest,
1197 2577 1246 2662 ju·

215 2682 320 2743 eunde
332 2692 367 2743 ut
380 2680 506 2755 vivant,
524 2701 703 2764 quanquam
714 2682 851 2744 sentiunt
865 2683 1053 2763 paulopost,
1067 2681 1100 2744 iu
1112 2682 1244 2743 morbos

215 2778 271 2843 ubi
284 2778 477 2855 inciderunt,
495 2791 527 2844 et
540 2793 616 2843 tunc
629 2782 758 2864 quidem
771 2802 967 2864 cognoscere
980 2781 1134 2863 incipiunt
1149 2801 1242 2864 quam

215 2879 327 2959 vilem,
347 2900 415 2966 quo
435 2883 565 2963 prumia
586 2883 773 2962 delegerint.
812 2884 892 2944 Nam
911 2895 947 2946 ut
967 2884 1097 2946 Persius
1117 2882 1178 2943 aits

654 2993 731 3046 Cum
756 2993 906 3064 lapidosa
927 2994 1084 3069 clairaqra

317 3093 467 3169 Freqerit
485 3090 640 3149 articulos
662 3094 775 3149 ueteris
792 3094 938 3148 tornatio
948 3094 1048 3167 supi,

317 3186 400 3243 Tum
417 3203 546 3242 crassos
563 3186 722 3240 transisse
739 3186 826 3253 dies,
846 3186 1002 3260 lucemque
1019 3187 1213 3258 palustrem,

322 3279 367 3333 Et
384 3275 533 3346 sibiJ'am
550 3280 616 3335 seri
633 3280 734 3335 vitam
751 3280 931 3353 inqemuere
948 3279 1104 3333 relictam.

217 3377 307 3457 Ergo
337 3374 537 3451 dubitamus,
570 3399 639 3458 quaa
667 3388 715 3438 tot
746 3378 933 3441 morborum
961 3398 1055 3441 causa
1082 3376 1249 3440 Germanis

217 3474 275 3551 s'it,
296 3497 369 3539 curn
387 3476 622 3540 meminerimus
644 3479 763 3554 adhuc,
790 3499 864 3541 cum
890 3478 943 3539 illo
963 3480 1060 3552 luxu,
1086 3478 1141 3540 has
1161 3478 1251 3538 inva-

217 3575 295 3640 sisse
314 3596 485 3656 corporum
510 3579 628 3641 clades.
664 3578 736 3642 Jaru
754 3579 839 3642 enim
858 3578 901 3641 ita
919 3600 1047 3660 ganeae,
1067 3579 1110 3640 ita
1129 3577 1251 3641 deliciis

217 3678 380 3743 studemus
394 3676 466 3754 hic,
483 3690 520 3741 ut
538 3679 703 3743 videamur
719 3679 810 3761 quasi
826 3680 994 3760 proposito
1014 3679 1160 3759 premio,
1177 3696 1251 3740 eum

218 3775 285 3840 aliis
306 3787 396 3840 extra
420 3778 571 3862 populis,
597 3779 638 3843 de
658 3779 793 3861 turpiter
812 3780 943 3844 vivendi
970 3780 1146 3861 principatu
1173 3800 1253 3840 con-

218 3879 361 3941 tendere.
399 3879 628 3962 Habemusque
648 3880 726 3942 hanc
745 3900 782 3943 ac
794 3901 879 3958 rem,
900 3902 965 3945 non
978 3881 1139 3962 imperitos
1154 3898 1253 3961 quos-

218 3978 289 4040 dam
308 3979 481 4044 ministros.
520 3979 564 4041 lli
583 4002 625 4044 ex
648 3979 764 4044 ultimis
784 3984 898 4058 terris,
934 3982 1114 4065 conquisita
1133 3981 1174 4043 ad
1192 4002 1253 4045 nos

218 4080 298 4159 gulo
319 4080 512 4144 irritamenta
530 4081 723 4145 convehunt.
762 4081 806 4146 Hi
825 4083 916 4166 quod
934 4082 1064 4144 edamus
1089 4093 1185 4163 atque
1202 4080 1254 4143 bi·

219 4177 329 4244 bamus
349 4192 383 4243 et
401 4200 469 4264 qaae
488 4178 680 4256 vestiamur,
700 4184 783 4247 miro
796 4182 903 4244 studio
921 4200 1058 4263 peregre
1072 4181 1254 4259 important.

221 4281 317 4358 Quod
337 4301 410 4343 cum
429 4277 486 4341 diu
504 4275 568 4358 jam
587 4300 704 4363 magno
722 4303 802 4357 suo,
822 4291 858 4342 ut
875 4281 964 4363 prius
978 4279 1062 4354 (lixi,
1082 4283 1254 4342 commodo

220 4379 372 4453 fecerint,
405 4375 489 4439 adeo
519 4381 675 4465 quosdam
705 4381 855 4445 delicatos
885 4379 1110 4453 reddiderunt,
1142 4393 1178 4444 ut
1203 4382 1254 4445 llio
