2632 5086
343 744 449 822 urias
473 744 643 820 Romana
665 746 852 848 Dialogus.
1045 754 1117 837 497

509 939 690 1013 Hulton.

168 1038 245 1102 Tria
265 1037 358 1103 ilem:
378 1036 494 1114 officia,
516 1039 710 1121 aequitatem,
735 1040 961 1118 clamiciliom0
982 1056 1113 1126 propter

90 1139 297 1203 raritudinem
325 1134 456 1214 scilieet,
485 1160 568 1220 pene
588 1140 696 1200 beatus
720 1141 804 1203 enim
824 1143 933 1205 Romae
950 1144 1111 1208 existima·

92 1250 145 1300 tur
155 1284 164 1314 ,
185 1241 237 1301 eui
254 1244 318 1302 lnee
338 1240 517 1320 obtingunt.

500 1337 704 1400 Ernlrold.

165 1438 325 1520 Equidem
343 1439 441 1501 eredo
462 1439 493 1500 in
514 1440 566 1501 lali
586 1437 747 1499 hominum
767 1442 933 1519 pravitate,
954 1439 1001 1502 his
1014 1438 1110 1503 mori·

89 1537 163 1612 bus,
186 1560 376 1620 ‹liraniquam
396 1549 444 1599 est
462 1539 606 1618 speciosa
624 1538 667 1597 ibi
687 1536 802 1615 passim
821 1538 958 1601 amicitiae
974 1550 1111 1626 oslenta·

90 1638 151 1711 lio,
179 1641 250 1720 quis
271 1659 328 1700 nos
349 1638 450 1714 enim,
480 1650 574 1699 nolus
600 1641 721 1709 sallem,
755 1660 821 1713 non
841 1641 1025 1718 complexus
1051 1653 1109 1717 est,

89 1749 142 1799 aut
164 1741 340 1812 osculatus,
367 1737 492 1797 obviam
514 1738 566 1798 ubi
586 1737 806 1818 processerat?
837 1738 894 1798 sed
914 1739 1011 1799 eredo
1032 1740 1109 1803 buc·

88 1858 139 1898 eas
162 1838 294 1898 osculari
313 1838 422 1898 Romae
441 1837 598 1913 homiues,
632 1857 704 1897 eum
723 1836 822 1897 eorde
850 1834 912 1897 nint
932 1837 1110 1909 alienissimi

90 1937 194 1997 etiam.

522 2037 683 2098 Hullen.

165 2133 256 2209 Tria,
276 2135 448 2198 sectandum
463 2136 591 2197 Vadisci
602 2157 791 2215 sennonem,
807 2138 987 2201 osculantur
1001 2138 1109 2203 Roma

87 2236 247 2299 homines:
269 2242 396 2311 nanus,
418 2238 538 2317 allaria,
559 2247 590 2295 et
610 2236 734 2297 buccas.

495 2339 522 2397 E
536 2360 551 2398 ι·
565 2337 712 2397 nlinld.

164 2436 268 2516 Quid,
294 2439 392 2517 perles
413 2456 577 2497 veronen
599 2434 802 2497 osculantur?
903 2469 909 2481 ·

523 2535 692 2595 Hulleu.

163 2635 328 2696 Pontifieis
350 2633 495 2716 quidem,
526 2634 583 2694 soil
603 2635 770 2697 admodum
789 2632 899 2713 parnei,
928 2646 961 2700 el
980 2635 1002 2700 ii
1021 2657 1107 2720 mag·

86 2744 190 2809 nates,
212 2752 266 2795 aut
285 2734 401 2815 quibus
422 2733 538 2814 alioqui
558 2734 640 2794 hene
660 2736 725 2794 vult
743 2730 965 2799 sanctissimus.
995 2735 999 2741 '

493 2835 581 2893 Ern
593 2834 710 2893 hold.

175 2932 368 2996 Tolioslria
396 2943 449 2994 aut
474 2934 552 2993 malo
573 2931 642 2993 lieri
663 2932 772 2992 Romo
791 2932 905 3008 video,
935 2944 990 2995 aul
1014 2955 1107 3012 vane,

86 3046 119 3096 el
137 3034 355 3113 superstitiose
381 3032 475 3109 ferri,
503 3053 569 3093 non
590 3030 710 3091 invenit
730 3030 887 3093 Vadiscus
912 3030 991 3092 boui
1015 3034 1109 3095 etiam

86 3135 228 3217 aliquid?
591 3221 595 3230 .

505 3232 676 3293 Hulton.

163 3333 289 3396 Invenit
307 3335 410 3408 bona,
441 3332 498 3397 sed
518 3333 561 3393 ila
579 3352 695 3410 pauca,
725 3339 761 3391 ut
785 3338 923 3410 propter
942 3328 1107 3411 penuriam
1137 3375 1153 3389 <.

87 3445 215 3495 nectere
243 3435 419 3497 ternionem
445 3454 510 3495 non
531 3443 654 3512 posset,
685 3428 741 3512 qui
766 3447 954 3507 suspensum
983 3449 1033 3490 me
1053 3431 1107 3493 ali-

87 3532 237 3613 quamdiu
258 3534 379 3607 habuit,
408 3554 480 3603 eum
499 3534 645 3606 diceret,
687 3529 746 3590 lria
764 3528 988 3590 misericordiae
1008 3549 1109 3608 opera

88 3654 157 3695 esse
178 3635 304 3706 Romae,
324 3635 527 3712 expectabam
547 3622 646 3704 ernian,
666 3626 822 3710 numquid
841 3627 937 3690 santi
957 3629 1107 3695 adferret.

501 3728 695 3793 Ernhold.

159 3830 216 3892 llle
235 3849 314 3892 aero
336 3827 439 3913 quid?

506 3929 674 3992 Hulten.

162 4035 285 4112 Opera,
315 4029 435 4112 inquit,
466 4030 689 4092 misericordie
708 4039 780 4091 sunt
799 4028 926 4104 Romae,
945 4037 1104 4099 monaste·

83 4135 221 4208 riorum,
242 4131 333 4215 siqua
353 4142 426 4194 suut
447 4126 662 4210 opulentiora,
684 4149 795 4191 census
810 4131 884 4190 dare
898 4131 930 4190 in
944 4146 1104 4189 commen·

86 4236 155 4296 darn
174 4238 223 4310 (ut
242 4232 369 4306 vocant)
394 4232 618 4305 cardinalibus,
649 4229 874 4290 canonicorum
901 4230 1052 4307 vectigal,
1072 4220 1105 4287 et

84 4333 213 4414 pinguia
230 4333 351 4414 ubique
370 4331 547 4395 sacerdotia
565 4332 734 4392 obvertere
752 4327 912 4390 collationi
923 4325 1101 4407 pontificiae,

118 4466 184 4512 nun.
197 4468 241 4525 op.
259 4466 286 4514 a.
297 4468 338 4513 ni.
693 4440 740 4505 32
