2632 5086
206 736 279 819 456
463 728 569 803 Tsiaa
591 726 761 803 Romana
782 721 972 823 Dialogus.

624 917 820 982 Ernhofd.

284 1021 483 1087 Pectoraiem
505 1021 753 1084 reservationem
781 1018 956 1102 ingemisco
986 1017 1077 1100 ipse,
1108 1014 1240 1100 qrrotfes

210 1123 451 1188 commemorari
469 1121 581 1197 audio,
600 1123 661 1182 tale
682 1139 768 1194 esse,
788 1119 893 1201 ajunt,
913 1117 1044 1202 crimem

640 1221 806 1283 Hutten.

278 1323 361 1386 Mihi
393 1323 522 1405 quidem
555 1321 691 1394 videtur,
730 1339 747 1382 a
773 1322 860 1383 nullo
891 1340 1031 1402 unquam
1061 1319 1240 1399 impostore

208 1423 347 1506 nequius
366 1423 485 1507 aliquid
504 1422 686 1495 inventum,
709 1420 867 1483 neminem
885 1421 1147 1502 praestigiatorem
1169 1436 1241 1479 sce·

208 1523 345 1592 focatius.
365 1524 535 1606 quicquam
563 1542 632 1584 esse
659 1532 890 1595 commentum,
916 1521 959 1583 ita
978 1541 1088 1582 omncs
1107 1517 1239 1580 fraudes

209 1622 328 1698 uincit,
358 1643 468 1686 onmes
497 1624 588 1685 dolos
616 1633 760 1702 superat,
787 1621 891 1684 omnia
915 1621 1041 1684 excettit
1065 1619 1240 1681 dedecora.

209 1724 274 1788 Sed
300 1724 388 1806 prius
406 1725 448 1786 de
473 1723 575 1786 multis
596 1723 716 1798 obiter,
744 1744 813 1805 quae
840 1721 975 1784 nationis
995 1717 1091 1798 hujus
1116 1719 1240 1780 incom-

207 1823 308 1892 modo
333 1825 437 1906 Roma
461 1823 554 1900 facit,
584 1822 742 1884 adnotabo
770 1843 887 1904 pauca,
916 1842 983 1882 non
1009 1821 1139 1902 quidem
1165 1830 1240 1889 uta

209 1924 350 2003 Vadisco
373 1923 478 1985 andita
498 1945 536 1984 ea
563 1934 656 1996 sunt,
683 1943 755 1985 nam
773 1924 799 1984 is
820 1920 896 1985 nihil
920 1920 1101 1994 omittebat,
1128 1920 1187 1982 sed
1206 1930 1242 1982 ut

210 2042 311 2104 capax
329 2045 400 2085 mea
417 2023 480 2085 fuit
504 2022 666 2085 memoria.
729 2088 732 2093 ,

619 2121 827 2185 Ernhofd.

284 2221 346 2284 Dic
365 2241 444 2303 age,
474 2233 595 2283 certum
615 2233 662 2285 est
687 2221 788 2284 veteri
807 2241 923 2283 nausea
945 2223 1111 2283 desuetum
1129 2222 1240 2284 denuo

210 2330 330 2403 vexare
341 2324 552 2395 stomachum,
563 2332 598 2384 ut
609 2324 687 2382 hanc
697 2321 837 2384 breviter
849 2322 1039 2384 devoremus
1052 2323 1240 2399 molestiam,

210 2432 243 2484 et
262 2421 431 2484 obductam
446 2420 631 2483 refricentur
647 2420 834 2485 cicatricem.
872 2423 923 2485 De
934 2421 1121 2485 'Curtisanis
1135 2422 1241 2505 primo

210 2523 329 2587 scilicet
346 2526 419 2586 loco
440 2521 564 2587 dicebat
583 2521 767 2585 Vadiscus?

479 2688 483 2693 ,
638 2623 809 2685 Huttcn.
1183 2660 1186 2665 Δ

287 2725 337 2785 Da
357 2721 441 2801 ipsis,
454 2722 569 2796 muita,
587 2722 645 2810 set}
663 2723 751 2802 prius
771 2722 850 2805 quid
868 2719 1031 2802 pontifex,
1051 2722 1169 2802 deinde
1189 2720 1242 2785 alii

211 2823 289 2906 quid
316 2821 473 2884 furentur.
518 2823 597 2884 Sunt
624 2822 783 2903 pontificis
816 2824 1040 2907 episcoporum
1065 2824 1174 2902 paffen,
1211 2843 1245 2893 et

210 2923 364 3007 aptisquid
384 2943 427 2985 ex
450 2921 653 3009 indulgentiis
673 2924 770 2998 redit,
798 2941 930 3006 qumque
950 2944 1010 3003 pro
1030 2923 1243 3003 dispensatio·

209 3022 303 3087 trihus
324 3024 457 3097 dantur,
484 3038 517 3085 et
538 3045 608 3105 qnae
629 3023 701 3087 betti
728 3022 858 3094 Turcici
882 3024 1012 3087 nomine
1031 3024 1186 3106 eolligunt
1207 3024 1242 3087 in

210 3122 379 3186 Germania
408 3124 504 3203 legati
532 3144 551 3185 a
573 3126 689 3200 latere,
716 3138 840 3206 atquae
867 3125 996 3188 solvunt
1015 3144 1241 3210 quamcunque

211 3224 328 3288 bullam
350 3236 501 3287 ementes.
553 3276 556 3284 .
690 3282 694 3289 ,
755 3264 758 3269 <

632 3325 827 3388 Ernhold.

286 3424 380 3486 Mitte
403 3427 467 3487 haec
491 3427 689 3501 discernere3
717 3425 797 3509 quid
826 3425 909 3489 enim
935 3425 1035 3487 refert
1060 3447 1102 3487 ex
1121 3424 1241 3487 nostris

209 3523 318 3602 spoliis
333 3525 412 3608 quid
430 3525 483 3587 cui
503 3525 670 3600 obveniat,
702 3527 799 3589 modo
826 3546 935 3588 omnes
963 3527 1126 3588 doleamus
1153 3544 1243 3586 com·

209 3642 336 3685 munem
355 3623 528 3696 miseriam,
549 3635 580 3685 et
600 3626 751 3689 adversus
773 3627 930 3707 publicam
946 3627 1109 3705 injuriam,
1129 3625 1156 3687 si
1173 3646 1242 3687 non

209 3722 366 3810 possimus
394 3723 578 3787 ulciscendo
598 3726 852 3790 satisfactionem
878 3739 1099 3810 extorquete,
1131 3727 1242 3788 saltem

208 3823 415 3885 exclamando
441 3823 561 3889 doloris
586 3826 788 3891 acerbitatem
806 3839 1016 3890 contestantes
1036 3829 1241 3890 reluctemur.

208 3925 251 3987 Et
266 3924 307 3985 de
325 3921 505 3986 Curtisanis
520 3926 572 3987 dic
590 3913 785 4011 prius'‚.quaa
803 3943 995 3991 auarratore
1012 3927 1106 4009 hujus
1126 3940 1241 4011 tragoe-

209 4023 268 4086 die
282 4022 386 4118 audita
400 4024 514 4100 habes,
535 4028 624 4089 aede
639 4037 720 4091 statu
736 4030 901 4104 Romano,
919 4047 1015 4112 quem
1027 4028 1241 4108 cognovimus

208 4121 288 4203 ipsi,
310 4140 342 4184 et
360 4122 505 4186 detestati
523 4147 631 4190 sumus
652 4150 733 4209 saepe
754 4131 848 4192 etiam
866 4150 981 4213 magno
997 4151 1071 4193 cum
1086 4128 1241 4209 periculo.

209 4221 273 4287 Sed
294 4243 368 4305 ¹quaa
394 4226 506 4288 horum
536 4229 639 4308 primo
664 4231 755 4304 loeo,
782 4251 852 4313 quae
874 4230 1046 4313 posteriori
1071 4228 1184 4297 dices?
1207 4243 1242 4291 et

210 4319 245 4383 in
263 4332 349 4386 tanta
371 4325 462 4406 copia
483 4328 540 4410 qui
558 4329 731 4393 servandus
752 4331 862 4393 ordo?
