<?xml version="1.0" encoding="UTF-8"?>
<!DOCTYPE html PUBLIC "-//W3C//DTD XHTML 1.0 Transitional//EN"
    "http://www.w3.org/TR/xhtml1/DTD/xhtml1-transitional.dtd">
<html xmlns="http://www.w3.org/1999/xhtml" xml:lang="en" lang="en">
 <head>
  <title>
</title>
<meta http-equiv="Content-Type" content="text/html;charset=utf-8" />
  <meta name='ocr-system' content='tesseract 3.04.00' />
  <meta name='ocr-capabilities' content='ocr_page ocr_carea ocr_par ocr_line ocrx_word'/>
</head>
<body>
  <div class='ocr_page' id='page_1' title='image "./ulrichiabhutten02mngoog_0452.png"; bbox 0 0 2632 5086; ppageno 0'>
   <div class='ocr_carea' id='block_1_1' title="bbox 215 738 981 841">
    <p class='ocr_par' dir='ltr' id='par_1_1' title="bbox 215 738 981 841">
     <span class='ocr_line' id='line_1_1' title="bbox 215 738 981 841; baseline -0.007 -22"><span class='ocrx_word' id='word_1_1' title='bbox 215 748 286 821; x_wconf 64' lang='lat'>442</span> <span class='ocrx_word' id='word_1_2' title='bbox 468 744 573 827; x_wconf 81' lang='lat' dir='ltr'>Trius</span> <span class='ocrx_word' id='word_1_3' title='bbox 595 738 763 827; x_wconf 75' lang='lat' dir='ltr'>Romana</span> <span class='ocrx_word' id='word_1_4' title='bbox 796 741 981 841; x_wconf 86' lang='lat' dir='ltr'>Dialogus.</span> 
     </span>
    </p>
   </div>
   <div class='ocr_carea' id='block_1_2' title="bbox 211 934 1238 2245">
    <p class='ocr_par' dir='ltr' id='par_1_2' title="bbox 212 934 1235 1314">
     <span class='ocr_line' id='line_1_2' title="bbox 213 934 1235 1021; baseline 0.002 -20"><span class='ocrx_word' id='word_1_5' title='bbox 213 956 309 1001; x_wconf 85' lang='lat' dir='ltr'>nemo</span> <span class='ocrx_word' id='word_1_6' title='bbox 335 938 476 1021; x_wconf 75' lang='lat' dir='ltr'>ignorat,</span> <span class='ocrx_word' id='word_1_7' title='bbox 506 935 615 1019; x_wconf 84' lang='lat' dir='ltr'>quanti</span> <span class='ocrx_word' id='word_1_8' title='bbox 641 934 785 1015; x_wconf 89' lang='lat' dir='ltr'>quotidie</span> <span class='ocrx_word' id='word_1_9' title='bbox 815 934 981 999; x_wconf 85' lang='lat' dir='ltr'>Germanis</span> <span class='ocrx_word' id='word_1_10' title='bbox 1006 945 1129 1001; x_wconf 84' lang='lat' dir='ltr'>constet</span> <span class='ocrx_word' id='word_1_11' title='bbox 1153 934 1235 1003; x_wconf 78' lang='lat' dir='ltr'>orbs</span> 
     </span>
     <span class='ocr_line' id='line_1_3' title="bbox 214 1035 1233 1121; baseline -0.005 -19"><span class='ocrx_word' id='word_1_12' title='bbox 214 1038 335 1113; x_wconf 81' lang='lat' dir='ltr'>Roma,</span> <span class='ocrx_word' id='word_1_13' title='bbox 361 1051 392 1100; x_wconf 87' lang='lat' dir='ltr'>ct</span> <span class='ocrx_word' id='word_1_14' title='bbox 411 1058 504 1121; x_wconf 84' lang='lat' dir='ltr'>quam</span> <span class='ocrx_word' id='word_1_15' title='bbox 523 1058 616 1099; x_wconf 89' lang='lat' dir='ltr'>nemo</span> <span class='ocrx_word' id='word_1_16' title='bbox 637 1035 710 1099; x_wconf 83' lang='lat' dir='ltr'>illuc</span> <span class='ocrx_word' id='word_1_17' title='bbox 728 1036 901 1109; x_wconf 86' lang='lat' dir='ltr'>concedat,</span> <span class='ocrx_word' id='word_1_18' title='bbox 932 1036 1069 1119; x_wconf 89' lang='lat' dir='ltr'>quinon</span> <span class='ocrx_word' id='word_1_19' title='bbox 1089 1037 1233 1111; x_wconf 84' lang='lat' dir='ltr'><strong>insumat,</strong></span> 
     </span>
     <span class='ocr_line' id='line_1_4' title="bbox 213 1134 1234 1220; baseline 0.001 -23"><span class='ocrx_word' id='word_1_20' title='bbox 213 1156 251 1197; x_wconf 86' lang='lat' dir='ltr'>ac</span> <span class='ocrx_word' id='word_1_21' title='bbox 270 1139 310 1200; x_wconf 88' lang='lat' dir='ltr'>dc</span> <span class='ocrx_word' id='word_1_22' title='bbox 331 1159 390 1201; x_wconf 89' lang='lat' dir='ltr'>suo</span> <span class='ocrx_word' id='word_1_23' title='bbox 410 1139 521 1219; x_wconf 85' lang='lat' dir='ltr'>perdat</span> <span class='ocrx_word' id='word_1_24' title='bbox 537 1139 686 1214; x_wconf 84' lang='lat' dir='ltr'>muttum,</span> <span class='ocrx_word' id='word_1_25' title='bbox 712 1155 776 1220; x_wconf 82' lang='lat' dir='ltr'>ego</span> <span class='ocrx_word' id='word_1_26' title='bbox 798 1134 926 1219; x_wconf 89' lang='lat' dir='ltr'>quidem</span> <span class='ocrx_word' id='word_1_27' title='bbox 944 1142 1067 1215; x_wconf 72' lang='lat' dir='ltr'>vectus,</span> <span class='ocrx_word' id='word_1_28' title='bbox 1087 1149 1122 1200; x_wconf 91' lang='lat' dir='ltr'>ut</span> <span class='ocrx_word' id='word_1_29' title='bbox 1140 1138 1234 1200; x_wconf 91' lang='lat' dir='ltr'>babet</span> 
     </span>
     <span class='ocr_line' id='line_1_5' title="bbox 212 1236 669 1314; baseline 0.004 -15"><span class='ocrx_word' id='word_1_30' title='bbox 212 1238 333 1314; x_wconf 87' lang='lat' dir='ltr'>ternio,</span> <span class='ocrx_word' id='word_1_31' title='bbox 352 1238 463 1302; x_wconf 86' lang='lat' dir='ltr'>loculis</span> <span class='ocrx_word' id='word_1_32' title='bbox 483 1236 558 1301; x_wconf 85' lang='lat' dir='ltr'>inde</span> <span class='ocrx_word' id='word_1_33' title='bbox 575 1236 669 1301; x_wconf 80' lang='lat' dir='ltr'>redii·</span> 
     </span>
    </p>

    <p class='ocr_par' dir='ltr' id='par_1_3' title="bbox 637 1356 809 1417">
     <span class='ocr_line' id='line_1_6' title="bbox 637 1356 809 1417; baseline -0.006 0"><span class='ocrx_word' id='word_1_34' title='bbox 637 1356 809 1417; x_wconf 84' lang='lat' dir='ltr'>Hutten.</span> 
     </span>
    </p>

    <p class='ocr_par' dir='ltr' id='par_1_4' title="bbox 211 1448 1238 2245">
     <span class='ocr_line' id='line_1_7' title="bbox 287 1448 1234 1538; baseline 0.004 -25"><span class='ocrx_word' id='word_1_35' title='bbox 287 1456 340 1515; x_wconf 85' lang='lat' dir='ltr'>De</span> <span class='ocrx_word' id='word_1_36' title='bbox 367 1477 418 1517; x_wconf 91' lang='lat' dir='ltr'>me</span> <span class='ocrx_word' id='word_1_37' title='bbox 448 1468 549 1519; x_wconf 89' lang='lat' dir='ltr'>taceo.</span> <span class='ocrx_word' id='word_1_38' title='bbox 596 1452 754 1517; x_wconf 86' lang='lat' dir='ltr'>Vadiscus</span> <span class='ocrx_word' id='word_1_39' title='bbox 780 1472 821 1515; x_wconf 90' lang='lat' dir='ltr'>ne</span> <span class='ocrx_word' id='word_1_40' title='bbox 851 1474 923 1516; x_wconf 90' lang='lat' dir='ltr'>cum</span> <span class='ocrx_word' id='word_1_41' title='bbox 948 1452 1061 1517; x_wconf 81' lang='lat' dir='ltr'>iaculis</span> <span class='ocrx_word' id='word_1_42' title='bbox 1087 1448 1234 1538; x_wconf 68' lang='lat' dir='ltr'>quidem,</span> 
     </span>
     <span class='ocr_line' id='line_1_8' title="bbox 213 1552 1236 1637; baseline -0.002 -19"><span class='ocrx_word' id='word_1_43' title='bbox 213 1555 345 1637; x_wconf 78' lang='lat' dir='ltr'>quodsi</span> <span class='ocrx_word' id='word_1_44' title='bbox 364 1558 543 1620; x_wconf 76' lang='lat' dir='ltr'>mansissem</span> <span class='ocrx_word' id='word_1_45' title='bbox 563 1556 680 1619; x_wconf 89' lang='lat' dir='ltr'>diutins</span> <span class='ocrx_word' id='word_1_46' title='bbox 691 1572 704 1630; x_wconf 87' lang='grc'>,·</span> <span class='ocrx_word' id='word_1_47' title='bbox 728 1554 846 1637; x_wconf 84' lang='lat' dir='ltr'>inquit,</span> <span class='ocrx_word' id='word_1_48' title='bbox 875 1554 976 1616; x_wconf 84' lang='lat' dir='ltr'>credo</span> <span class='ocrx_word' id='word_1_49' title='bbox 994 1552 1063 1617; x_wconf 84' lang='lat' dir='ltr'>sine</span> <span class='ocrx_word' id='word_1_50' title='bbox 1081 1554 1236 1629; x_wconf 81' lang='lat' dir='ltr'>vestibus,</span> 
     </span>
     <span class='ocr_line' id='line_1_9' title="bbox 214 1655 1238 1738; baseline -0.001 -20"><span class='ocrx_word' id='word_1_51' title='bbox 214 1655 282 1718; x_wconf 80' lang='lat' dir='ltr'>siue</span> <span class='ocrx_word' id='word_1_52' title='bbox 300 1657 376 1736; x_wconf 88' lang='lat' dir='ltr'>ipsis</span> <span class='ocrx_word' id='word_1_53' title='bbox 395 1657 486 1720; x_wconf 86' lang='lat' dir='ltr'>etiam</span> <span class='ocrx_word' id='word_1_54' title='bbox 505 1657 575 1738; x_wconf 83' lang='lat' dir='ltr'>pitis</span> <span class='ocrx_word' id='word_1_55' title='bbox 596 1657 758 1731; x_wconf 84' lang='lat' dir='ltr'>abiissem,</span> <span class='ocrx_word' id='word_1_56' title='bbox 777 1656 834 1719; x_wconf 85' lang='lat' dir='ltr'>sed</span> <span class='ocrx_word' id='word_1_57' title='bbox 848 1674 923 1730; x_wconf 90' lang='lat' dir='ltr'>nos,</span> <span class='ocrx_word' id='word_1_58' title='bbox 944 1656 1117 1730; x_wconf 83' lang='lat' dir='ltr'>Emhotde,</span> <span class='ocrx_word' id='word_1_59' title='bbox 1138 1657 1238 1718; x_wconf 87' lang='lat' dir='ltr'>bene·</span> 
     </span>
     <span class='ocr_line' id='line_1_10' title="bbox 212 1754 1238 1840; baseline 0.002 -23"><span class='ocrx_word' id='word_1_60' title='bbox 212 1754 285 1817; x_wconf 83' lang='lat' dir='ltr'>ficia</span> <span class='ocrx_word' id='word_1_61' title='bbox 311 1778 377 1819; x_wconf 92' lang='lat' dir='ltr'>non</span> <span class='ocrx_word' id='word_1_62' title='bbox 407 1769 563 1839; x_wconf 72' lang='lat' dir='ltr'>captantes</span> <span class='ocrx_word' id='word_1_63' title='bbox 596 1755 737 1840; x_wconf 75' lang='lat' dir='ltr'>quaedam</span> <span class='ocrx_word' id='word_1_64' title='bbox 770 1758 897 1817; x_wconf 84' lang='lat' dir='ltr'>tulimus</span> <span class='ocrx_word' id='word_1_65' title='bbox 928 1756 1056 1838; x_wconf 80' lang='lat' dir='ltr'>quidam</span> <span class='ocrx_word' id='word_1_66' title='bbox 1086 1757 1238 1834; x_wconf 74' lang='lat' dir='ltr'>moleste,</span> 
     </span>
     <span class='ocr_line' id='line_1_11' title="bbox 211 1855 1238 1939; baseline 0.004 -24"><span class='ocrx_word' id='word_1_67' title='bbox 211 1872 326 1917; x_wconf 80' lang='lat' dir='ltr'>verram</span> <span class='ocrx_word' id='word_1_68' title='bbox 345 1857 429 1919; x_wconf 86' lang='lat' dir='ltr'>haud</span> <span class='ocrx_word' id='word_1_69' title='bbox 447 1856 490 1917; x_wconf 92' lang='lat' dir='ltr'>ita</span> <span class='ocrx_word' id='word_1_70' title='bbox 507 1876 639 1939; x_wconf 80' lang='lat' dir='ltr'>magno,</span> <span class='ocrx_word' id='word_1_71' title='bbox 666 1868 816 1939; x_wconf 88' lang='lat' dir='ltr'>quantum</span> <span class='ocrx_word' id='word_1_72' title='bbox 846 1855 920 1919; x_wconf 89' lang='lat' dir='ltr'>mibi</span> <span class='ocrx_word' id='word_1_73' title='bbox 944 1856 1088 1931; x_wconf 75' lang='lat' dir='ltr'>vitietur,</span> <span class='ocrx_word' id='word_1_74' title='bbox 1114 1857 1238 1920; x_wconf 86' lang='lat' dir='ltr'>incom-</span> 
     </span>
     <span class='ocr_line' id='line_1_12' title="bbox 211 1954 1237 2038; baseline 0.003 -21"><span class='ocrx_word' id='word_1_75' title='bbox 211 1956 321 2017; x_wconf 90' lang='lat' dir='ltr'>modo.</span> <span class='ocrx_word' id='word_1_76' title='bbox 367 1956 554 2022; x_wconf 78' lang='lat' dir='ltr'>Graviorem</span> <span class='ocrx_word' id='word_1_77' title='bbox 574 1956 657 2019; x_wconf 91' lang='lat' dir='ltr'>enim</span> <span class='ocrx_word' id='word_1_78' title='bbox 676 1954 827 2037; x_wconf 79' lang='lat' dir='ltr'>jacturam</span> <span class='ocrx_word' id='word_1_79' title='bbox 853 1955 998 2017; x_wconf 85' lang='lat' dir='ltr'>existimo</span> <span class='ocrx_word' id='word_1_80' title='bbox 1025 1978 1152 2031; x_wconf 87' lang='lat' dir='ltr'>eorum,</span> <span class='ocrx_word' id='word_1_81' title='bbox 1180 1958 1237 2038; x_wconf 90' lang='lat' dir='ltr'>qui</span> 
     </span>
     <span class='ocr_line' id='line_1_13' title="bbox 214 2056 1237 2140; baseline 0.006 -25"><span class='ocrx_word' id='word_1_82' title='bbox 214 2056 273 2116; x_wconf 82' lang='lat' dir='ltr'>orrb</span> <span class='ocrx_word' id='word_1_83' title='bbox 291 2058 396 2136; x_wconf 82' lang='lat' dir='ltr'>pravis</span> <span class='ocrx_word' id='word_1_84' title='bbox 414 2056 486 2119; x_wconf 82' lang='lat' dir='ltr'>istic</span> <span class='ocrx_word' id='word_1_85' title='bbox 502 2057 657 2140; x_wconf 81' lang='lat' dir='ltr'>magistris</span> <span class='ocrx_word' id='word_1_86' title='bbox 684 2057 804 2120; x_wconf 87' lang='lat' dir='ltr'>animos</span> <span class='ocrx_word' id='word_1_87' title='bbox 828 2057 1025 2138; x_wconf 79' lang='lat' dir='ltr'>patiebamur</span> <span class='ocrx_word' id='word_1_88' title='bbox 1051 2058 1237 2121; x_wconf 79' lang='lat' dir='ltr'>effoeminari</span> 
     </span>
     <span class='ocr_line' id='line_1_14' title="bbox 213 2154 1153 2245; baseline 0.006 -30"><span class='ocrx_word' id='word_1_89' title='bbox 213 2154 293 2229; x_wconf 82' lang='lat' dir='ltr'>sibi,</span> <span class='ocrx_word' id='word_1_90' title='bbox 312 2154 501 2236; x_wconf 76' lang='lat' dir='ltr'>probitatem</span> <span class='ocrx_word' id='word_1_91' title='bbox 520 2156 648 2233; x_wconf 79' lang='lat' dir='ltr'>biverti,</span> <span class='ocrx_word' id='word_1_92' title='bbox 676 2168 709 2219; x_wconf 91' lang='lat' dir='ltr'>et</span> <span class='ocrx_word' id='word_1_93' title='bbox 727 2158 951 2220; x_wconf 73' lang='lat' dir='ltr'>conscientiam</span> <span class='ocrx_word' id='word_1_94' title='bbox 969 2159 1153 2245; x_wconf 53' lang='lat' dir='ltr'>depravare</span> 
     </span>
    </p>
   </div>
   <div class='ocr_carea' id='block_1_3' title="bbox 212 2273 1239 2637">
    <p class='ocr_par' dir='ltr' id='par_1_5' title="bbox 212 2273 1239 2637">
     <span class='ocr_line' id='line_1_15' title="bbox 627 2273 822 2336; baseline 0.015 -3"><span class='ocrx_word' id='word_1_95' title='bbox 627 2273 822 2336; x_wconf 85' lang='lat' dir='ltr'>Ernhold.</span> 
     </span>
     <span class='ocr_line' id='line_1_16' title="bbox 289 2369 1239 2454; baseline 0 -20"><span class='ocrx_word' id='word_1_96' title='bbox 289 2371 331 2434; x_wconf 88' lang='lat' dir='ltr'>Ut</span> <span class='ocrx_word' id='word_1_97' title='bbox 349 2369 401 2433; x_wconf 84' lang='lat' dir='ltr'>ille</span> <span class='ocrx_word' id='word_1_98' title='bbox 421 2372 562 2448; x_wconf 77' lang='lat' dir='ltr'>Suana,</span> <span class='ocrx_word' id='word_1_99' title='bbox 591 2373 646 2454; x_wconf 84' lang='lat' dir='ltr'>qui</span> <span class='ocrx_word' id='word_1_100' title='bbox 666 2370 852 2453; x_wconf 78' lang='lat' dir='ltr'>objurgatus</span> <span class='ocrx_word' id='word_1_101' title='bbox 871 2372 925 2434; x_wconf 90' lang='lat' dir='ltr'>abs</span> <span class='ocrx_word' id='word_1_102' title='bbox 945 2382 997 2446; x_wconf 88' lang='lat' dir='ltr'>te,</span> <span class='ocrx_word' id='word_1_103' title='bbox 1026 2373 1113 2454; x_wconf 84' lang='lat' dir='ltr'>quod</span> <span class='ocrx_word' id='word_1_104' title='bbox 1134 2371 1239 2451; x_wconf 82' lang='lat' dir='ltr'>jusju-</span> 
     </span>
     <span class='ocr_line' id='line_1_17' title="bbox 212 2466 1238 2552; baseline 0.001 -16"><span class='ocrx_word' id='word_1_105' title='bbox 212 2471 305 2536; x_wconf 81' lang='lat' dir='ltr'>randi</span> <span class='ocrx_word' id='word_1_106' title='bbox 324 2466 519 2552; x_wconf 82' lang='lat' dir='ltr'>impetrasset</span> <span class='ocrx_word' id='word_1_107' title='bbox 536 2472 754 2537; x_wconf 83' lang='lat' dir='ltr'>remissionem</span> <span class='ocrx_word' id='word_1_108' title='bbox 773 2473 852 2551; x_wconf 87' lang='lat' dir='ltr'>sibi,</span> <span class='ocrx_word' id='word_1_109' title='bbox 874 2473 1069 2548; x_wconf 86' lang='lat' dir='ltr'>memineris,</span> <span class='ocrx_word' id='word_1_110' title='bbox 1090 2476 1145 2548; x_wconf 86' lang='lat' dir='ltr'>ait,</span> <span class='ocrx_word' id='word_1_111' title='bbox 1166 2492 1238 2537; x_wconf 86' lang='lat' dir='ltr'>esse</span> 
     </span>
     <span class='ocr_line' id='line_1_18' title="bbox 214 2572 415 2637; baseline 0 -3"><span class='ocrx_word' id='word_1_112' title='bbox 214 2572 326 2635; x_wconf 83' lang='lat' dir='ltr'>Romae</span> <span class='ocrx_word' id='word_1_113' title='bbox 344 2594 415 2637; x_wconf 90' lang='lat' dir='ltr'>nos.</span> 
     </span>
    </p>
   </div>
   <div class='ocr_carea' id='block_1_4' title="bbox 212 2688 1237 2993">
    <p class='ocr_par' dir='ltr' id='par_1_6' title="bbox 212 2688 1237 2993">
     <span class='ocr_line' id='line_1_19' title="bbox 634 2688 818 2751; baseline 0 0"><span class='ocrx_word' id='word_1_114' title='bbox 634 2688 667 2751; x_wconf 86' lang='grc' dir='ltr'><strong>Η</strong></span> <span class='ocrx_word' id='word_1_115' title='bbox 678 2710 699 2750; x_wconf 84' lang='grc' dir='ltr'>ιι</span> <span class='ocrx_word' id='word_1_116' title='bbox 712 2699 774 2750; x_wconf 92' lang='lat' dir='ltr'>tte</span> <span class='ocrx_word' id='word_1_117' title='bbox 786 2711 818 2751; x_wconf 91' lang='lat' dir='ltr'>n.</span> 
     </span>
     <span class='ocr_line' id='line_1_20' title="bbox 289 2786 1237 2871; baseline 0.003 -20"><span class='ocrx_word' id='word_1_118' title='bbox 289 2788 394 2870; x_wconf 87' lang='lat' dir='ltr'>thue</span> <span class='ocrx_word' id='word_1_119' title='bbox 420 2786 622 2853; x_wconf 81' lang='lat' dir='ltr'>cotoniensis</span> <span class='ocrx_word' id='word_1_120' title='bbox 647 2786 744 2865; x_wconf 82' lang='lat' dir='ltr'>atius,</span> <span class='ocrx_word' id='word_1_121' title='bbox 775 2788 884 2871; x_wconf 88' lang='lat' dir='ltr'>quise</span> <span class='ocrx_word' id='word_1_122' title='bbox 910 2791 995 2852; x_wconf 86' lang='lat' dir='ltr'>nulia</span> <span class='ocrx_word' id='word_1_123' title='bbox 1014 2792 1105 2870; x_wconf 83' lang='lat' dir='ltr'>culpa</span> <span class='ocrx_word' id='word_1_124' title='bbox 1125 2789 1237 2854; x_wconf 80' lang='lat' dir='ltr'>falsum</span> 
     </span>
     <span class='ocr_line' id='line_1_21' title="bbox 212 2884 1164 2993; baseline 0.004 -45"><span class='ocrx_word' id='word_1_125' title='bbox 212 2884 352 2973; x_wconf 74' lang='lat' dir='ltr'>signasse</span> <span class='ocrx_word' id='word_1_126' title='bbox 371 2886 523 2993; x_wconf 64' lang='lat' dir='ltr'>jactabat,</span> <span class='ocrx_word' id='word_1_127' title='bbox 551 2888 653 2952; x_wconf 79' lang='lat' dir='ltr'>fuerat</span> <span class='ocrx_word' id='word_1_128' title='bbox 674 2890 809 2951; x_wconf 87' lang='lat' dir='ltr'>enimin</span> <span class='ocrx_word' id='word_1_129' title='bbox 829 2912 896 2952; x_wconf 91' lang='lat' dir='ltr'>rem</span> <span class='ocrx_word' id='word_1_130' title='bbox 917 2890 1073 2973; x_wconf 85' lang='lat' dir='ltr'>pontificis</span> <span class='ocrx_word' id='word_1_131' title='bbox 1092 2894 1164 2954; x_wconf 85' lang='lat' dir='ltr'>hoo.</span> 
     </span>
    </p>
   </div>
   <div class='ocr_carea' id='block_1_5' title="bbox 627 3006 817 3069">
    <p class='ocr_par' dir='ltr' id='par_1_7' title="bbox 627 3006 817 3069">
     <span class='ocr_line' id='line_1_22' title="bbox 627 3006 817 3069; baseline 0.011 -2"><span class='ocrx_word' id='word_1_132' title='bbox 627 3006 817 3069; x_wconf 84' lang='lat' dir='ltr'>Ernlrold.</span> 
     </span>
    </p>
   </div>
   <div class='ocr_carea' id='block_1_6' title="bbox 212 3102 1235 3267">
    <p class='ocr_par' dir='ltr' id='par_1_8' title="bbox 212 3102 1235 3267">
     <span class='ocr_line' id='line_1_23' title="bbox 285 3102 1235 3188; baseline 0.004 -23"><span class='ocrx_word' id='word_1_133' title='bbox 285 3102 328 3165; x_wconf 89' lang='lat' dir='ltr'>Ut</span> <span class='ocrx_word' id='word_1_134' title='bbox 350 3115 502 3185; x_wconf 84' lang='lat' dir='ltr'>praeterea</span> <span class='ocrx_word' id='word_1_135' title='bbox 529 3103 633 3181; x_wconf 87' lang='lat' dir='ltr'>multi,</span> <span class='ocrx_word' id='word_1_136' title='bbox 667 3126 749 3185; x_wconf 86' lang='lat' dir='ltr'>quos</span> <span class='ocrx_word' id='word_1_137' title='bbox 777 3105 836 3188; x_wconf 90' lang='lat' dir='ltr'>ipsi</span> <span class='ocrx_word' id='word_1_138' title='bbox 864 3105 1017 3183; x_wconf 83' lang='lat' dir='ltr'>vidimus,</span> <span class='ocrx_word' id='word_1_139' title='bbox 1050 3108 1106 3170; x_wconf 87' lang='lat' dir='ltr'>sed</span> <span class='ocrx_word' id='word_1_140' title='bbox 1125 3119 1161 3170; x_wconf 87' lang='lat' dir='ltr'>tu</span> <span class='ocrx_word' id='word_1_141' title='bbox 1195 3109 1235 3169; x_wconf 85' lang='lat' dir='ltr'>ad</span> 
     </span>
     <span class='ocr_line' id='line_1_24' title="bbox 212 3204 480 3267; baseline 0.019 -5"><span class='ocrx_word' id='word_1_142' title='bbox 212 3204 375 3265; x_wconf 87' lang='lat' dir='ltr'>terniones</span> <span class='ocrx_word' id='word_1_143' title='bbox 400 3204 480 3267; x_wconf 83' lang='lat' dir='ltr'>redi.</span> 
     </span>
    </p>
   </div>
   <div class='ocr_carea' id='block_1_7' title="bbox 212 3308 1238 3999">
    <p class='ocr_par' dir='ltr' id='par_1_9' title="bbox 212 3308 1238 3999">
     <span class='ocr_line' id='line_1_25' title="bbox 622 3308 812 3410; baseline -0.005 -27"><span class='ocrx_word' id='word_1_144' title='bbox 622 3308 812 3410; x_wconf 70' lang='lat' dir='ltr'>Euticu.</span> 
     </span>
     <span class='ocr_line' id='line_1_26' title="bbox 286 3418 1238 3505; baseline 0.007 -27"><span class='ocrx_word' id='word_1_145' title='bbox 286 3418 349 3480; x_wconf 82' lang='lat' dir='ltr'>vet</span> <span class='ocrx_word' id='word_1_146' title='bbox 383 3420 502 3482; x_wconf 84' lang='lat' dir='ltr'>idcirco</span> <span class='ocrx_word' id='word_1_147' title='bbox 535 3420 738 3503; x_wconf 78' lang='lat' dir='ltr'>fugiendam,</span> <span class='ocrx_word' id='word_1_148' title='bbox 776 3422 840 3495; x_wconf 84' lang='lat' dir='ltr'>ait,</span> <span class='ocrx_word' id='word_1_149' title='bbox 877 3423 1029 3495; x_wconf 84' lang='lat' dir='ltr'>Romam,</span> <span class='ocrx_word' id='word_1_150' title='bbox 1063 3424 1151 3505; x_wconf 77' lang='lat' dir='ltr'>(prod</span> <span class='ocrx_word' id='word_1_151' title='bbox 1179 3425 1238 3485; x_wconf 89' lang='lat' dir='ltr'>tria</span> 
     </span>
     <span class='ocr_line' id='line_1_27' title="bbox 212 3516 1235 3606; baseline 0.01 -30"><span class='ocrx_word' id='word_1_152' title='bbox 212 3516 347 3579; x_wconf 84' lang='lat' dir='ltr'>maximo</span> <span class='ocrx_word' id='word_1_153' title='bbox 378 3522 593 3587; x_wconf 84' lang='lat' dir='ltr'>conservanda</span> <span class='ocrx_word' id='word_1_154' title='bbox 627 3520 810 3584; x_wconf 84' lang='lat' dir='ltr'>interliciat:</span> <span class='ocrx_word' id='word_1_155' title='bbox 844 3521 958 3582; x_wconf 86' lang='lat' dir='ltr'>bonam</span> <span class='ocrx_word' id='word_1_156' title='bbox 996 3521 1235 3606; x_wconf 67' lang='lat' dir='ltr'>conscientiam,</span> 
     </span>
     <span class='ocr_line' id='line_1_28' title="bbox 212 3618 1237 3701; baseline 0.003 -20"><span class='ocrx_word' id='word_1_157' title='bbox 212 3618 374 3697; x_wconf 79' lang='lat' dir='ltr'>religionis</span> <span class='ocrx_word' id='word_1_158' title='bbox 397 3622 519 3694; x_wconf 86' lang='lat' dir='ltr'>zelum,</span> <span class='ocrx_word' id='word_1_159' title='bbox 544 3633 575 3681; x_wconf 89' lang='lat' dir='ltr'>ct</span> <span class='ocrx_word' id='word_1_160' title='bbox 594 3619 822 3701; x_wconf 83' lang='lat' dir='ltr'>jusjurandum.</span> <span class='ocrx_word' id='word_1_161' title='bbox 860 3620 922 3682; x_wconf 73' lang='lat' dir='ltr'>rbi</span> <span class='ocrx_word' id='word_1_162' title='bbox 942 3619 974 3681; x_wconf 91' lang='lat' dir='ltr'>iu</span> <span class='ocrx_word' id='word_1_163' title='bbox 994 3633 1129 3684; x_wconf 83' lang='lat' dir='ltr'>mentem</span> <span class='ocrx_word' id='word_1_164' title='bbox 1149 3625 1237 3684; x_wconf 81' lang='lat' dir='ltr'>veuit</span> 
     </span>
     <span class='ocr_line' id='line_1_29' title="bbox 212 3719 1238 3803; baseline 0.002 -20"><span class='ocrx_word' id='word_1_165' title='bbox 212 3720 304 3795; x_wconf 82' lang='lat' dir='ltr'>inihi,</span> <span class='ocrx_word' id='word_1_166' title='bbox 339 3721 431 3781; x_wconf 85' lang='lat' dir='ltr'>trium</span> <span class='ocrx_word' id='word_1_167' title='bbox 463 3741 593 3803; x_wconf 74' lang='lat' dir='ltr'>(proque</span> <span class='ocrx_word' id='word_1_168' title='bbox 622 3719 952 3785; x_wconf 86' lang='lat' dir='ltr'>coumrenrorationem</span> <span class='ocrx_word' id='word_1_169' title='bbox 977 3721 1122 3785; x_wconf 82' lang='lat' dir='ltr'>deridere</span> <span class='ocrx_word' id='word_1_170' title='bbox 1152 3745 1238 3786; x_wconf 84' lang='lat' dir='ltr'>rrurrc</span> 
     </span>
     <span class='ocr_line' id='line_1_30' title="bbox 213 3818 1238 3905; baseline 0 -21"><span class='ocrx_word' id='word_1_171' title='bbox 213 3823 366 3884; x_wconf 83' lang='lat' dir='ltr'>Romam:</span> <span class='ocrx_word' id='word_1_172' title='bbox 393 3818 550 3899; x_wconf 80' lang='lat' dir='ltr'>majorum</span> <span class='ocrx_word' id='word_1_173' title='bbox 567 3824 728 3905; x_wconf 78' lang='lat' dir='ltr'>exempla,</span> <span class='ocrx_word' id='word_1_174' title='bbox 753 3822 967 3903; x_wconf 81' lang='lat' dir='ltr'>pontificatum</span> <span class='ocrx_word' id='word_1_175' title='bbox 992 3821 1100 3899; x_wconf 83' lang='lat' dir='ltr'>Petri,</span> <span class='ocrx_word' id='word_1_176' title='bbox 1129 3834 1161 3884; x_wconf 89' lang='lat' dir='ltr'>et</span> <span class='ocrx_word' id='word_1_177' title='bbox 1180 3843 1238 3884; x_wconf 82' lang='lat' dir='ltr'>ex·</span> 
     </span>
     <span class='ocr_line' id='line_1_31' title="bbox 212 3916 535 3999; baseline 0.003 -16"><span class='ocrx_word' id='word_1_178' title='bbox 212 3930 349 3983; x_wconf 67' lang='lat' dir='ltr'>uernum</span> <span class='ocrx_word' id='word_1_179' title='bbox 370 3916 535 3999; x_wconf 80' lang='lat' dir='ltr'>judicium.</span> 
     </span>
    </p>
   </div>
   <div class='ocr_carea' id='block_1_8' title="bbox 212 4038 1237 4423">
    <p class='ocr_par' dir='ltr' id='par_1_10' title="bbox 212 4038 1237 4423">
     <span class='ocr_line' id='line_1_32' title="bbox 628 4038 818 4103; baseline -0.016 -3"><span class='ocrx_word' id='word_1_180' title='bbox 628 4038 818 4103; x_wconf 79' lang='lat' dir='ltr'>Ernbold.</span> 
     </span>
     <span class='ocr_line' id='line_1_33' title="bbox 276 4134 1237 4221; baseline 0.003 -23"><span class='ocrx_word' id='word_1_181' title='bbox 276 4134 413 4219; x_wconf 37' lang='lat' dir='ltr'>&#39;Optime</span> <span class='ocrx_word' id='word_1_182' title='bbox 442 4149 617 4219; x_wconf 78' lang='lat' dir='ltr'>comparata</span> <span class='ocrx_word' id='word_1_183' title='bbox 640 4149 795 4221; x_wconf 86' lang='lat' dir='ltr'>utraque,</span> <span class='ocrx_word' id='word_1_184' title='bbox 824 4159 895 4202; x_wconf 87' lang='lat' dir='ltr'>nam</span> <span class='ocrx_word' id='word_1_185' title='bbox 913 4138 1152 4219; x_wconf 84' lang='lat' dir='ltr'>jusjurandum,</span> <span class='ocrx_word' id='word_1_186' title='bbox 1183 4139 1237 4203; x_wconf 89' lang='lat' dir='ltr'>cui</span> 
     </span>
     <span class='ocr_line' id='line_1_34' title="bbox 212 4233 1237 4321; baseline 0.001 -23"><span class='ocrx_word' id='word_1_187' title='bbox 212 4233 349 4298; x_wconf 82' lang='lat' dir='ltr'>delatum</span> <span class='ocrx_word' id='word_1_188' title='bbox 366 4235 482 4312; x_wconf 79' lang='lat' dir='ltr'>fuerit,</span> <span class='ocrx_word' id='word_1_189' title='bbox 513 4238 669 4321; x_wconf 86' lang='lat' dir='ltr'>siquidem</span> <span class='ocrx_word' id='word_1_190' title='bbox 698 4241 861 4303; x_wconf 86' lang='lat' dir='ltr'>Romanos</span> <span class='ocrx_word' id='word_1_191' title='bbox 888 4239 1009 4302; x_wconf 84' lang='lat' dir='ltr'>imbibit</span> <span class='ocrx_word' id='word_1_192' title='bbox 1035 4260 1160 4314; x_wconf 84' lang='lat' dir='ltr'>mores,</span> <span class='ocrx_word' id='word_1_193' title='bbox 1187 4238 1237 4299; x_wconf 92' lang='lat' dir='ltr'>in-</span> 
     </span>
     <span class='ocr_line' id='line_1_35' title="bbox 213 4337 1234 4423; baseline 0.007 -30"><span class='ocrx_word' id='word_1_194' title='bbox 213 4345 395 4399; x_wconf 76' lang='lat' dir='ltr'>cunctanter</span> <span class='ocrx_word' id='word_1_195' title='bbox 431 4337 543 4421; x_wconf 87' lang='lat' dir='ltr'>accipit</span> <span class='ocrx_word' id='word_1_196' title='bbox 570 4350 674 4408; x_wconf 85' lang='lat' dir='ltr'>certus</span> <span class='ocrx_word' id='word_1_197' title='bbox 704 4340 918 4421; x_wconf 70' lang='lat' dir='ltr'>spontione,</span> <span class='ocrx_word' id='word_1_198' title='bbox 954 4340 1110 4423; x_wconf 87' lang='lat' dir='ltr'>siquando</span> <span class='ocrx_word' id='word_1_199' title='bbox 1140 4338 1234 4413; x_wconf 64' lang='lat' dir='ltr'>‚vetit</span> 
     </span>
    </p>
   </div>
   <div class='ocr_carea' id='block_1_9' title="bbox 0 0 1320 5086">
    <p class='ocr_par' dir='ltr' id='par_1_11' title="bbox 0 0 1320 5086">
     <span class='ocr_line' id='line_1_36' title="bbox 0 0 1320 5086; baseline 0 0"><span class='ocrx_word' id='word_1_200' title='bbox 0 0 1320 5086; x_wconf 95' lang='lat' dir='ltr'> </span> 
     </span>
    </p>
   </div>
  </div>
 </body>
</html>
