2632 5086
436 717 608 791 Misaulus
632 717 814 817 Dialogus.
1079 732 1124 805 29

518 908 729 974 Misaulus.

238 1012 302 1089 deos
319 1010 566 1084 commemoravi,
595 1008 709 1072 Ceste!
739 1009 955 1087 convictores,
984 1011 1016 1075 lii
1043 1023 1125 1088 sunt,

177 1113 219 1193 qm'
230 1132 284 1171 tum
296 1110 390 1188 Ulysse
408 1110 461 1171 illo
479 1119 597 1170 tantum
614 1108 705 1171 maris
725 1110 843 1171 obeunt
862 1111 966 1186 inlidi,
987 1132 1022 1171 ac
1040 1106 1125 1174 irari·

173 1210 257 1271 tlalrsti
283 1210 415 1284 comites,
443 1229 580 1291 prorsum
602 1208 651 1270 ille
671 1210 738 1272 sive
758 1232 816 1271 suo
836 1211 962 1293 iugenio
983 1211 1124 1273 fraudem

166 1310 278 1381 eluserit,
301 1309 360 1370 sire
377 1309 520 1372 Deorum
537 1308 727 1389 benignitate
747 1308 872 1373 insidias
893 1308 1057 1391 effugerit,
1087 1312 1126 1371 ad
1203 1384 1206 1391 Ι

163 1408 269 1488 alispmm
286 1409 434 1470 deleretur
455 1407 588 1490 Calypso
609 1407 757 1485 primum,
788 1410 861 1471 dein
879 1408 1003 1471 Alcinoi
1023 1410 1124 1488 hospi·

161 1516 224 1581 hm,
238 1519 300 1588 post
317 1509 446 1570 Ithacam
464 1507 547 1569 forte
568 1508 719 1568 obtinebit
740 1510 780 1587 ⁴¹).

242 1626 245 1631 ·
548 1604 699 1670 Castus.

218 1706 275 1787 Qut
291 1709 344 1769 tros
363 1705 461 1789 igitur
479 1717 543 1768 arte
563 1708 729 1784 pervenire
748 1709 893 1787 oportet?

520 1805 728 1871 Misaulus.

218 1904 418 1980 Providentia,
438 1926 529 1988 quam
546 1906 604 1980 illi,
625 1905 650 1967 si
666 1907 918 1988 qtrando'abesse
933 1906 986 1969 abs
1007 1920 1037 1971 te
1052 1910 1126 1973 'sen-

163 2000 247 2067 ten'ul.
276 2005 426 2085 perdendi
458 2005 620 2067 consitium
649 2005 780 2069 inibunt.
831 2010 937 2088 Quare
964 2010 1126 2073 fidendum

161 2104 252 2178 penitus
275 2105 364 2178 nulli,
407 2115 443 2165 ut
472 2103 568 2164 dicam
598 2104 680 2164 enim
709 2106 797 2188 quod
828 2107 947 2183 sentio,
981 2108 1127 2190 optimam

160 2198 227 2263 etism
237 2186 364 2266 Molem
379 2214 412 2265 et
428 2213 514 2265 recte.
531 2204 697 2267 institutam
714 2204 809 2268 vitam
824 2205 856 2267 in
874 2209 942 2268 arrld
954 2221 1128 2289 suspectam

155 2298 245 2364 lubere
260 2313 399 2385 oportet,
426 2303 515 2385 quod
532 2304 583 2378 hi,
607 2324 689 2385 quos
709 2304 774 2364 dixi
794 2315 921 2379 ventos,
950 2306 1054 2369 omnia
1071 2307 1127 2369 im-

158 2402 257 2479 pellant.
274 2425 308 2464 ac
324 2403 534 2485 perfringunt,
555 2414 587 2465 et
602 2424 748 2467 summam
765 2423 846 2484 sepe
864 2403 1071 2466 innocentiam
1090 2407 1129 2468 ad

160 2501 276 2577 pessimos
300 2523 403 2565 mores
428 2503 591 2563 invertant.
638 2505 687 2565 An
713 2523 778 2564 non
802 2503 913 2564 audisti
940 2504 1040 2580 illum,
1073 2507 1129 2588 qui

160 2597 224 2659 till:
241 2603 399 2671 „Discedat
418 2602 458 2663 ab
477 2604 562 2676 auld,
583 2601 639 2683 qui
658 2605 724 2664 vult
739 2623 808 2666 esse
820 2602 890 2684 pius
901 2606 930 2664 !“
949 2636 986 2651 -
1006 2604 1128 2669 Verum

159 2707 188 2757 ut
200 2698 245 2761 sin
259 2703 349 2786 aliqui
370 2701 464 2776 boni,
483 2701 657 2779 periculosa
677 2712 779 2762 tamen
799 2702 843 2765 ibi
863 2702 1055 2784 experientia
1070 2717 1128 2782 est,

165 2796 221 2877 quit
238 2803 312 2864 multi
337 2813 411 2865 sunt
436 2800 560 2882 pessimi
588 2813 701 2882 suopte
726 2802 837 2881 partim
861 2802 990 2884 ingenio
1018 2805 1130 2884 partim

163 2895 239 2959 sslico
250 2920 367 2963 veneno
392 2900 519 2976 imbuti,
549 2926 631 2974 aaran,
650 2911 685 2962 ut
698 2903 740 2962 sit
758 2900 937 2978 Comicus,
955 2901 1018 2967 ios·
1036 2908 1131 2980 §onds

164 2991 362 3065 ἵπιιπηὸυτι
375 3000 453 3082 ὅρκος
470 3004 552 3071 nissi.
590 3000 730 3063 Proinde
755 3014 880 3062 cautum
905 3023 973 3063 esse
992 3015 1128 3083 oportet,

166 3096 208 3175 qul
223 3118 277 3163 mm
303 3103 448 3186 ingenuis
474 3101 644 3164 conflictari
668 3098 744 3159 velit
767 3097 938 3178 ejusmodi,
972 3102 1129 3166 sedanda

164 3212 225 3273 πρε
237 3202 334 3279 rerba,
362 3214 394 3264 et
413 3202 547 3264 vicissim
566 3202 767 3275 adulandum,
796 3220 964 3284 moresque
987 3202 1129 3265 dissimu-

162 3293 227 3357 tanti
245 3304 305 3378 sui,
346 3317 442 3386 atque
470 3303 568 3363 omni'
586 3303 624 3362 ab
653 3304 755 3382 legato
785 3300 921 3363 cartdore
951 3300 1128 3366 istiusmodi

162 3392 329 3466 titttttltudtun
346 3402 518 3485 ingenium.
963 3424 966 3429 ·

553 3500 710 3564 Castus.

210 3594 242 3659 llt
263 3601 421 3680 intelligo,
457 3601 574 3682 primus
601 3612 649 3662 est
675 3599 732 3660 iste
763 3595 944 3663 discedendi
971 3621 990 3663 a
1022 3600 1127 3665 Philo·

156 3696 240 3773 wPllt
255 3706 374 3785 gradus.

249 3858 253 3863 .
523 3800 695 3863 Misaulu
703 3822 728 3862 s.

198 3896 295 3964 Etboec
306 3913 369 3978 cst,
389 3922 480 3984 quarn
494 3900 575 3974 dixi,
590 3901 758 3963 difficultas.
780 3900 921 3980 Qtssntus
933 3916 1032 3961 essem
1042 3918 1127 3961 nunc

145 4016 197 4077 ego
213 4003 307 4078 enim,
340 4003 366 4063 si
385 4004 435 4062 vel
453 4002 596 4063 simulare
616 3998 823 4061 adulationem
843 3995 1036 4077 potuissem.
1048 4048 1050 4052 .
1063 3998 1127 4077 Qui

139 4094 204 4160 dum
214 4100 293 4163 illum
308 4122 428 4186 secpror
445 4113 561 4163 nature
575 4100 730 4186 rigorem,
750 4109 781 4158 et
799 4099 902 4159 bonus
917 4099 1123 4172 essestudeo,

133 4226 289 4244 *ιι-α

160 4313 187 4381 ’)
203 4322 339 4369 obtinebit:
362 4321 492 4381 occupabit.
