2632 5086
99 39 1097 329 --

586 687 763 787 Epistola.
1140 703 1186 805 ⁰⁵.

158 883 298 967 qumque
327 903 405 946 non
435 883 586 958 excedat,
624 883 813 967 apponitur:
834 887 866 956 t)
886 885 1007 970 absque
1033 889 1097 952 sale
1125 889 1189 952 hoo

162 983 309 1066 quicquit
333 996 410 1060 est,
445 995 478 1046 ct
509 1007 603 1068 quam
631 985 783 1069 exiguum
808 997 873 1062 est,
907 986 990 1064 edo,
1026 1011 1085 1053 uec
1113 989 1210 1068 atio„

160 1097 270 1164 preter
285 1084 369 1147 ittud
387 1083 475 1167 ligni
484 1085 653 1149 decoctum
670 1085 701 1147 in
721 1099 799 1168 potu
817 1088 941 1170 liquore
960 1098 1043 1151 utor.
1078 1093 1186 1170 Quum

162 1185 216 1249 tihi
229 1185 355 1248 interim
371 1184 446 1250 satis
459 1186 613 1248 attenuari
628 1208 693 1248 non
709 1189 833 1266 videar,
856 1190 929 1273 quia
946 1187 1111 1264 ἆπὲχισθαι
1127 1198 1185 1261 seir
1232 1258 1235 1265 ,
1279 1222 1297 1249 ν·

161 1284 326 1366 ι’φροδισίων
344 1285 505 1361 horteris3
526 1307 622 1370 quem
638 1287 665 1349 si
684 1289 791 1352 videas
807 1300 841 1352 ut
859 1292 1009 1371 palleum,
1031 1304 1063 1354 ut
1079 1313 1184 1358 macer
1216 1350 1222 1357 .
1258 1357 1264 1366 ,

159 1403 185 1451 rt
203 1409 369 1453 exsuccus
388 1389 464 1464 sim,
484 1388 560 1450 nihii
578 1390 639 1450 talo
660 1389 849 1471 suspicicris.
888 1393 939 1454 De
959 1394 1073 1455 morbo
1094 1395 1183 1457 vide·

154 1491 218 1554 iicet
233 1512 309 1552 non
324 1509 522 1573 magnopere
541 1489 715 1552 curandum
732 1494 861 1572 posthac
882 1496 907 1558 ia
924 1493 1026 1557 roiate
1041 1524 1087 1567 μοι
1106 1498 1181 1560 nard

152 1602 209 1655 mh
219 1617 397 1670 γινησοιντο.
416 1593 468 1655 Ad
480 1593 568 1674 quod
585 1590 668 1653 benc
687 1592 760 1653 mihi
776 1594 930 1671 precaris;
952 1599 1040 1679 quod
1054 1600 1180 1680 gaudeo

148 1707 177 1758 rt
199 1695 362 1769 exsulto,
400 1693 565 1776 quamdam
591 1690 673 1752 enim
699 1693 830 1775 gloriam
859 1715 958 1758 meam
984 1697 1090 1773 duco,
1124 1699 1180 1763 obe

147 1809 176 1858 te
206 1797 263 1857 tati
299 1805 455 1878 tantoque
491 1792 561 1855 viro
600 1792 705 1854 amari.
759 1791 904 1858 Invisum
939 1819 990 1858 me
1020 1797 1082 1858 viri
1110 1796 1182 1861 heio
1242 1819 1244 1823 ’

147 1898 221 1959 clari
246 1909 281 1958 et
300 1895 349 1969 ea)
374 1894 497 1956 nobiles
523 1894 624 1969 multi,
658 1894 740 1957 inter
768 1917 849 1978 quos
876 1907 924 1959 est
950 1897 1179 1965 VLRICHUS

147 1996 310 2061 COMES
335 1997 395 2057 DE
420 1995 751 2070 HELFENSTEIN,
784 2018 849 2058 non
870 2009 931 2060 tam
952 1998 1078 2082 generis
1100 2001 1179 2065 anti-

146 2099 292 2182 quitate,
321 2117 415 2178 quam
435 2094 605 2157 litterarum
625 2096 736 2177 peritia
761 2096 907 2175 illustris,
936 2113 967 2163 et
987 2101 1177 2167 IACOBUS

145 2201 205 2263 DE
227 2196 468 2272 BANNtsttS,
493 2196 541 2257 vir
561 2195 701 2277 inprimis
723 2198 834 2260 doctus
855 2221 891 2261 ac
910 2203 1082 2284 eloquens:
1109 2222 1176 2287 quo

147 2302 186 2364 dc
204 2302 285 2364 iilud
306 2299 424 2363 sentire
442 2297 613 2375 consuevi,
636 2299 724 2380 quod
739 2299 778 2360 de
794 2300 929 2361 Nestore
945 2300 1176 2384 Agamemnon.

152 2403 239 2482 Opto
256 2401 363 2475 enim,
390 2411 425 2462 ut
444 2399 554 2462 decem
579 2399 654 2460 tales
675 2399 786 2461 habeat
807 2397 912 2460 Caesar
935 2404 1174 2479 consultatores,

152 2502 281 2586 quodsi
297 2523 314 2562 a
328 2501 454 2564 Christo
465 2498 592 2580 Optimo
601 2499 744 2562 Maximo
759 2499 939 2579 impetrem,
956 2501 1031 2564 nihil
1044 2523 1174 2582 magno-

146 2627 226 2687 pere
241 2602 395 2665 sollicitus
411 2600 524 2677 sucro,
550 2601 715 2684 quomodo
735 2601 886 2681 optimum
906 2602 939 2664 in
955 2614 1068 2666 statum
1089 2603 1174 2668 redi·

148 2718 242 2787 gatur
264 2703 445 2767 Germania.
484 2701 633 2765 Solebant
659 2713 808 2782 praetcrea
832 2703 983 2767 accedere
1008 2726 1058 2767 me
1086 2726 1173 2769 eom-

150 2810 276 2887 piures,
303 2817 473 2886 antequam
501 2805 679 2864 solveretur
707 2813 881 2865 conventus
897 2805 928 2880 ⁰)
955 2824 1082 2881 sonim,
1115 2807 1172 2890 qui

149 2908 183 2970 in
205 2906 388 2986 Principum
408 2904 484 2967 aulis
504 2915 678 2966 versantur.
716 2903 854 2965 Multum
872 2904 966 2967 etiam
981 2926 1105 2968 mecum
1123 2917 1173 2970 est

149 3008 341 3073 tACOBtts
369 3006 574 3081 SPlEGEL,
608 3005 704 3067 homo
728 3002 794 3066 aliis
821 3014 944 3085 gratus,
977 3003 1053 3066 mihi
1080 3005 1172 3068 ratde

144 3109 307 3192 jucundus
332 3106 425 3169 etiam
453 3119 484 3168 ct
508 3103 623 3168 suavis.
661 3104 741 3166 Item
770 3101 1038 3167 CHUNRADUS
1068 3105 1171 3169 PEU-

146 3211 337 3274 Ttnutttt:
371 3229 510 3292 quocum
532 3218 621 3269 vetus
642 3205 716 3266 milri
743 3203 820 3281 jam,
848 3214 882 3266 ut
905 3205 1007 3283 nosti,
1034 3227 1171 3269 consue-

145 3315 223 3376 tudo
237 3324 297 3376 est.
334 3312 523 3392 Quanquam
535 3310 617 3370 hunc
631 3305 703 3368 mihi
717 3303 860 3388 negotia,
878 3307 993 3389 quibus
1011 3308 1168 3385 obruitur,

143 3418 242 3478 homo
266 3412 384 3494 alioqui
402 3409 619 3471 studiosorum
646 3405 802 3482 omnium,
824 3428 859 3468 ac
878 3407 979 3470 nostri
999 3407 1169 3488 plurimum

144 3515 275 3599 generis
303 3509 611 3584 observantissimus,
650 3507 787 3587 eripiunt
813 3517 845 3568 et
870 3509 955 3585 crees)
991 3512 1174 3595 extrahunt.¹
1263 3503 1267 3511 “

144 3617 284 3697 hospitio
310 3614 403 3687 iruor
427 3612 574 3675 honorati
599 3609 676 3683 viri,
709 3605 894 3670 GEORGH
921 3607 1035 3671 GROS
1062 3609 1168 3672 Cauo-

144 3718 223 3794 nici,
259 3716 293 3779 in
322 3711 413 3794 cujus
441 3732 492 3776 me
517 3712 646 3773 domum
666 3709 802 3770 absentie
822 3706 946 3770 induxit
971 3709 1166 3772 necessarius

142 3841 229 3884 meus
249 3816 448 3882 JOANNES
468 3812 534 3876 DE*
548 3809 830 3883 WlRSBERGK,
851 3809 969 3890 etipse
989 3809 1038 3871 hic
1060 3808 1167 3873 Cano·

143 3921 230 3983 nicus
251 3939 288 3981 ac
309 3912 466 3989 officialis,
488 3920 578 3986 tunc,
601 3932 699 3995 quum
713 3932 769 3972 sua
788 3911 900 3972 domus
915 3931 1013 3989 capax
1033 3910 1165 3992 hospitis

139 4041 208 4082 nou
224 4028 327 4094 esset,
360 4036 459 4099 quum
478 4033 528 4078 me
547 4013 614 4094 ipse
634 4023 715 4074 amet
734 4023 769 4075 ut
789 4010 974 4092 plurimum,
1005 4009 1101 4094 idque
1122 4011 1166 4073 ob

140 4141 338 4157 „—

922 4216 985 4283 μ”)
1004 4231 1139 4274 coarsuros
1150 4237 1161 4269 .·

174 4229 203 4295 ’)
221 4245 249 4281 er
269 4246 316 4279 vor
334 4232 422 4290 absque
444 4228 663 4288 durehgestrtchrn.
712 4217 759 4289 ⁴⁸)
778 4235 822 4275 rr:
840 4239 875 4276 ac.

175 4313 325 4367 conventus.
361 4309 441 4378 Μ’)
460 4325 505 4365 rt:
523 4328 557 4366 ae.
