2632 5086
374 688 479 776 Trias
503 686 671 761 Romana
693 687 879 791 Dialogus.
1060 693 1132 775 lla

537 880 708 943 Hutten.

183 987 309 1050 Deinde
329 984 404 1060 ista,
425 1003 495 1066 que
514 980 590 1044 item
610 991 783 1044 occurrunt
802 982 936 1064 passim:
969 986 1037 1048 loca
1061 986 1133 1055 reli.

24 1140 30 1150 .
109 1088 205 1170 gione
227 1106 334 1161 sacra,
354 1083 555 1158 meretrices,
587 1095 620 1142 et
639 1085 825 1146 venerandas
846 1085 1056 1167 anitiquitates.

522 1183 722 1246 Ernhold.
877 1246 881 1263 2

183 1288 254 1365 Ego
280 1287 328 1349 illa
356 1307 436 1350 vero
461 1288 531 1349 loca
559 1284 684 1346 minime
711 1281 860 1365 religiosa
879 1286 1037 1363 arbitror,
1063 1308 1133 1373 qtae

109 1390 185 1451 istos
216 1390 323 1457 lerunt
345 1408 476 1462 mores,
513 1398 543 1448 et
570 1397 656 1447 recle
687 1385 839 1465 scripturn
871 1388 1040 1464 existimo,
1067 1410 1134 1452 non

108 1501 240 1570 propter
258 1493 363 1554 locum
383 1499 528 1570 gentem,
556 1486 612 1548 sod
634 1494 764 1564 propter
790 1496 932 1568 gentem,
954 1491 1059 1550 locum
1079 1488 1134 1551 eli·

108 1611 185 1674 gere
215 1591 342 1662 Deum,
371 1588 460 1670 quod
488 1586 515 1648 si
543 1587 677 1650 Romam
703 1585 801 1667 magis
829 1598 945 1648 amaret
978 1587 1134 1664 Christus,

109 1711 202 1773 quam
230 1700 282 1749 aut
309 1689 342 1748 in
368 1687 537 1750 Germania
562 1688 674 1748 urbem
705 1690 861 1768 aliquam,
890 1699 943 1748 aut
968 1689 1001 1749 in
1029 1690 1136 1752 ultima

111 1791 232 1862 'l'hnle,
261 1787 373 1869 utique
392 1789 540 1849 mundam
563 1806 632 1848 eam
653 1806 670 1845 a
691 1795 738 1849 tot
759 1786 901 1868 flagitiis,
930 1799 977 1849 tut
996 1790 1136 1853 dedeco-

110 1891 219 1961 ribus,
248 1898 331 1948 tanta
351 1887 509 1967 impietate
532 1897 752 1966 conservaret,
778 1898 811 1948 et
829 1901 905 1953 tuuc
925 1889 1055 1972 quidem
1073 1890 1136 1954 tut·

111 1990 196 2054 mine
217 2008 286 2050 eam
305 1997 456 2050 exureret
479 1987 670 2051 universam.

534 2089 704 2150 Hutten.

186 2189 294 2273 Atque
314 2189 403 2253 istam
427 2188 510 2252 intus
530 2189 703 2261 lautitiam,
723 2190 781 2252 hos
800 2187 930 2251 cultus?

531 2289 723 2353 Ernhold.

198 2391 240 2451 Et
259 2410 323 2451 una
353 2408 463 2453 omnes
492 2389 751 2471 protonotarios,
783 2388 921 2466 scribas,
957 2393 1134 2473 sacrificos,

111 2491 276 2569 copiistns,
296 2491 453 2567 pedellos,
475 2490 673 2566 scobatores,
703 2489 892 2571 episcopos,
916 2490 1133 2572 foeneratores,

113 2593 258 2662 lenones,
275 2606 307 2647 et
321 2607 448 2648 omnem
462 2607 530 2663 earn
543 2590 726 2667 colluviem,
741 2611 812 2674 que
824 2590 944 2653 mundo
957 2593 1063 2676 gravis
1077 2604 1136 2659 est.

543 2690 724 2754 Hutten.

192 2785 276 2850 Cum
287 2786 430 2850 Vadisco
446 2788 542 2852 sentis
560 2798 706 2867 strenue,
724 2801 760 2852 ut
777 2791 817 2855 ad
829 2791 1031 2872 splendorem
1046 2792 1135 2859 urbis

114 2902 214 2951 tamen
241 2887 360 2951 reditus
390 2889 458 2951 fiat:
487 2888 600 2966 Trium
626 2900 674 2952 est
695 2891 806 2953 Roma
830 2891 939 2953 vestiri
965 2894 1137 2959 admodum

113 2995 209 3054 laute:
230 2991 446 3066 sacerdotum,
467 2993 642 3067 mulorum,
663 3002 696 3052 et
719 2991 931 3054 meretricum.

529 3092 718 3156 Ernhold.

185 3193 347 3271 Vestiant,
365 3208 397 3256 et
409 3192 580 3267 adornent,
595 3192 721 3255 abunde
734 3188 864 3276 quidem
876 3190 950 3255 satis
964 3199 1027 3269 est,
1047 3190 1135 3259 unde

111 3299 191 3358 hunc
220 3295 280 3358 sibi
306 3294 508 3376 splendorem
531 3307 734 3374 comparent,
765 3295 870 3356 donec
893 3313 959 3355 non
978 3293 1135 3378 resipiscit

112 3394 222 3458 inlelix
250 3397 437 3473 Germania,
467 3407 496 3456 at
517 3395 674 3477 siquando
701 3394 924 3477 expergefacta
947 3394 998 3457 illa
1021 3397 1135 3461 sentiet

112 3500 256 3561 dolorem
276 3517 389 3572 sunm,
422 3508 488 3558 turn
515 3498 641 3559 demum
663 3498 853 3561 contractius
875 3498 984 3559 vivent
1003 3497 1072 3574 isti,
1097 3520 1134 3562 ac

113 3600 214 3659 minus
240 3597 405 3659 satellitum
439 3600 542 3674 alent,
576 3610 608 3660 et
637 3596 804 3660 deficiente
830 3618 928 3661 censu
953 3598 993 3659 ab
1019 3600 1133 3663 auratis

113 3698 236 3759 tandem
260 3695 354 3759 asinis
373 3696 405 3757 in
424 3698 522 3777 pedes
545 3720 580 3761 se
602 3698 738 3773 dabunt,
767 3718 827 3760 nec
846 3710 911 3760 tum
930 3698 1038 3760 videas
1058 3720 1134 3779 pnr-
1171 3762 1177 3779 x

114 3815 242 3880 puratos
277 3795 447 3858 cardinales
485 3798 633 3861 comitatu
664 3800 735 3879 plus
773 3819 867 3882 quam
898 3798 990 3881 regio
1021 3803 1133 3862 urbem

113 3899 295 3981 pervagari,
316 3896 483 3979 minusque
499 3899 559 3960 erit
578 3897 755 3961 otiosorum
772 3899 816 3961 ibi
833 3896 1010 3973 hominum,
1033 3903 1132 3963 minus

113 4001 252 4074 lrandis,
276 4019 312 4058 ac
331 3999 507 4073 scelernm,
528 3999 597 4078 plus
625 3998 855 4074 sanctimonie,
876 4000 1079 4077 eruditionis,
1101 4011 1134 4061 et

113 4103 234 4183 piarum
251 4099 445 4176 orationum,
463 4110 496 4160 et
512 4110 705 4165 macrescent
723 4099 765 4162 illi
784 4099 912 4185 quidem
933 4120 1070 4181 corpore
1089 4100 1132 4162 oh

115 4202 252 4281 vigilias,
285 4211 317 4262 et
343 4197 509 4282 jejunium,
536 4201 639 4264 animo
665 4219 744 4263 vero
771 4201 972 4285 augebuntur
1003 4212 1133 4281 propter

116 4301 315 4365 sobrietatem
335 4303 485 4385 primurn,
507 4312 538 4363 et
556 4300 781 4386 frugalitatem,
801 4300 916 4369 ddnde
934 4299 1131 4373 innocentie,
