2632 5086
389 764 436 839 ad
461 763 650 838 albertum
679 762 840 864 Puncip,
864 762 924 841 lib.
1098 776 1170 851 att

146 956 269 1041 primit,
288 958 399 1022 Celsus
415 958 532 1040 inquit,
548 968 732 1033 aratumnua,
749 970 934 1041 propterea,
953 962 1169 1045 quiaGaiiicut

143 1060 275 1121 morbus
301 1078 418 1121 nervos
436 1058 576 1137 inprimis
596 1058 703 1134 afficit,
732 1070 827 1145 atque
847 1059 930 1124 idem
949 1073 1042 1125 autor
1064 1063 1170 1139 docet,

145 1160 231 1221 omui
253 1180 426 1221 irervorurn
444 1161 553 1220 resolu
569 1159 577 1170 '
592 1159 635 1227 nri
653 1160 693 1221 ad
712 1160 917 1236 medicinam,
938 1164 1041 1226 minua
1055 1162 1171 1226 idonea

143 1281 214 1323 esse
238 1272 401 1340 tempora,
431 1260 575 1338 hyemem
594 1271 626 1322 et
652 1270 855 1337 aummnum,
886 1263 944 1325 aed
970 1264 1034 1325 haec
1059 1263 1169 1345 dispu-

143 1363 264 1423 tatione
288 1360 462 1423 universim
486 1361 745 1423 contendentium
763 1373 858 1437 sunt,
890 1363 1017 1426 nonde
1037 1361 1172 1445 Guajaci

143 1474 263 1523 tantmu
289 1461 321 1522 in
348 1460 503 1524 medicina
529 1482 590 1523 usu
616 1459 860 1536 disserentium,
895 1484 994 1547 quare
1014 1463 1061 1526 sic
1079 1474 1170 1547 puto,

144 1561 176 1624 in
197 1560 366 1622 Germania
385 1563 512 1634 saitem,
533 1559 644 1621 melius
666 1572 802 1624 aestatem
821 1561 932 1645 deligi,
958 1565 1014 1626 aed
1033 1585 1071 1627 ea
1093 1564 1170 1628 inci·

142 1664 251 1748 pieute
278 1663 383 1723 statim
407 1682 444 1724 ac
464 1661 628 1724 desinente
655 1660 717 1742 jam
737 1673 803 1725 tum
822 1683 916 1739 vere,
947 1665 1036 1746 quod
1062 1684 1170 1729 menae

141 1775 219 1846 puta
238 1761 330 1842 Maio
350 1761 467 1835 fuerit,
501 1761 576 1844 quia
602 1782 708 1844 neque
733 1772 836 1829 tantun
859 1763 910 1825 hic
929 1766 1015 1826 calor
1033 1775 1069 1827 ut
1087 1763 1171 1827 sitim

142 1860 351 1944 nonpossint
376 1862 532 1925 sustinere
559 1861 653 1945 regri,
693 1874 725 1924 et
744 1862 847 1944 frigus
872 1863 905 1925 in
932 1866 1043 1943 hyeme
1069 1869 1172 1927 inten-

145 1963 318 2039 tissimum,
352 1962 503 2044 idemque
521 1982 600 2024 rere
619 1961 713 2025 etiam
732 1973 764 2025 et
783 1974 935 2027 autumno
955 1964 1171 2031 vehementiut

146 2085 241 2148 quam
268 2064 301 2125 in
326 2065 491 2128 curatione
520 2064 578 2126 hac
601 2057 692 2125 i'crrc
716 2084 818 2144 aeger,
849 2064 963 2127 debeat
988 2086 1062 2129 cum
1088 2065 1171 2130 inter

145 2164 304 2247 praecipua
330 2164 386 2239 sit,
418 2165 475 2248 qui
500 2185 558 2244 per
578 2161 752 2244 Guajacuru
776 2165 939 2229 restitutus
958 2177 1025 2241 cst,
1055 2166 1171 2249 fugero

147 2288 242 2329 omne
268 2286 380 2343 magua
407 2285 484 2327 cura
508 2264 622 2345 frigus.
668 2264 766 2346 erod
791 2286 870 2328 vero
895 2268 934 2328 ad
960 2286 997 2329 ca
1023 2269 1171 2347 pertinet,

141 2390 212 2451 qua
245 2377 349 2430 restuto
380 2366 473 2428 etiam
504 2365 648 2427 accidere
681 2365 882 2428 incommoda
910 2378 1063 2448 possunt,
1102 2387 1170 2451 quo

140 2470 244 2533 minus
274 2469 442 2531 metuenda
470 2465 553 2542 sint,
585 2466 653 2528 dixi
678 2464 741 2546 jam
766 2478 859 2543 ante,
895 2478 927 2528 et
950 2487 1009 2529 suo
1030 2466 1171 2549 quodam

142 2572 217 2633 loeo
237 2580 394 2649 repetam,
422 2567 587 2650 potionem
604 2568 683 2630 hanc
698 2569 812 2632 mirum
828 2568 862 2631 in
881 2568 1012 2632 modum
1030 2567 1172 2631 excitare

144 2670 298 2732 uirtutem
317 2666 469 2743 nativam,
499 2677 530 2730 et
559 2689 600 2728 ne
626 2666 698 2751 quir
726 2680 891 2749 praesumat
913 2666 1173 2732 informationem

143 2767 320 2844 majorem,
356 2784 450 2850 quun
478 2767 529 2830 cui
555 2777 628 2848 post
652 2771 775 2834 mederi
804 2768 915 2845 liceat,
949 2770 1015 2832 vim
1029 2762 1113 2833 'ciac
1140 2768 1170 2831 ei

145 2870 255 2949 inopia
276 2868 407 2945 caloris,
433 2869 537 2932 debila
557 2890 673 2951 corpus
684 2881 726 2931 fet
745 2874 932 2935 exhaustum
951 2869 1121 2953 vegetandi
1138 2879 1172 2932 et

146 2970 186 3031 ad
206 2969 351 3045 vigorem
370 2969 576 3050 perducendi.
615 2972 693 3050 Quae
716 2971 777 3037 nisi
803 2983 840 3035 ut
860 2969 929 3032 dixi
948 2970 990 3031 ita
1008 2969 1169 3045 habereut,

144 3080 177 3132 et
198 3071 410 3150 Hippocrates
430 3071 587 3152 quodam,
608 3070 635 3132 si
655 3081 742 3134 recte
760 3070 907 3145 memini,
927 3072 1018 3144 ioco,
1038 3068 1170 3144 diceret,

138 3192 197 3234 ver
217 3182 248 3231 et
268 3181 455 3232 arrurmnum
476 3170 634 3250 aptissima
652 3191 723 3233 esse
750 3170 790 3233 ad
812 3190 967 3233 venarum
986 3168 1169 3245 incisiones,

141 3283 173 3335 et
201 3273 442 3352 pharmacorum
472 3270 701 3335 exhibitionem
725 3284 884 3354 tempora,
913 3282 990 3334 tunc
1015 3268 1171 3353 optimum

141 3372 308 3434 ridebatur
322 3369 409 3436 celsi
427 3370 609 3447 concilium,
630 3373 670 3434 ad
687 3371 874 3434 medicinam
892 3371 1070 3434 adeundam
1088 3371 1172 3433 calta·

143 3470 315 3535 berrimum
333 3492 405 3535 esse
425 3491 500 3546 ver,
526 3472 704 3555 proximam
725 3473 844 3536 abhoc
863 3473 1023 3553 hyemem,
1045 3470 1168 3551 pericu

143 3572 297 3634 iosiorem
312 3583 466 3647 estatem,
486 3586 669 3638 autumnum
686 3576 784 3659 louge
801 3572 1120 3656 periculosissimum·
