2632 5086
235 772 305 842 elo
328 766 386 839 hd
396 764 528 841 omnes
543 762 580 835 in
596 760 797 837 Germania
803 758 996 857 Principes
1007 772 1081 834 etc.
1097 760 1222 859 epist.

231 957 369 1043 poure
389 956 482 1020 etiarn
500 972 631 1021 neceam
649 955 705 1018 ait:
730 964 833 1016 minen
851 951 896 1020 ob
913 950 1103 1017 immmeatis
1122 952 1210 1016 elam
1232 974 1274 1020 aa

231 1058 265 1121 vi
283 1058 416 1140 periculi
434 1055 684 1137 magnitudinem
702 1058 821 1137 (neque
840 1052 924 1115 enim
942 1051 1069 1133 publice
1081 1053 1273 1138 quicqum

231 1173 355 1235 metuo,
394 1169 448 1221 ant
477 1156 549 1240 jure
575 1156 697 1231 metuo)
726 1156 815 1216 loeus
835 1152 911 1215 mihi
932 1152 1119 1232 ampliaria
1139 1153 1270 1235 prinei-

230 1280 307 1342 pnm
326 1260 404 1321 aulis
436 1256 580 1333 nonsit,
611 1268 643 1318 et
660 1256 694 1317 in
713 1255 904 1330 amicoraun,
936 1269 973 1315 ut
998 1265 1083 1330 ante,
1116 1256 1268 1338 negotiis

230 1360 350 1422 versari
368 1361 449 1420 ultra
468 1376 535 1419 non
552 1356 659 1419 liceat:
679 1356 711 1417 in
732 1376 869 1431 summa,
896 1354 985 1438 (quia
1002 1354 1127 1438 ubique
1148 1356 1267 1423 Curti.

226 1461 296 1524 sani
315 1471 405 1535 sunt,
423 1457 603 1540 habentque
621 1475 781 1517 venenum
800 1467 831 1516 et
850 1455 947 1531 sicas,
968 1467 999 1518 et
1016 1468 1052 1519 nt
1071 1460 1266 1540 gratificen-

229 1570 281 1622 tur
299 1558 456 1640 pontifici,
489 1557 596 1621 ausuri
616 1558 719 1618 omnia
739 1557 928 1633 ereduntur,
955 1556 1084 1639 publico
1102 1558 1264 1624 interdic·

229 1673 295 1724 tum
312 1659 386 1723 mihi
404 1658 529 1739 penitus
559 1676 767 1740 cognoscam,
803 1656 904 1740 idrpre
923 1659 1010 1720 nullo
1029 1677 1103 1720 meo
1123 1682 1261 1739 errore,

227 1761 346 1823 nedrrm
365 1762 474 1837 culpa,
496 1759 553 1822 sed
575 1758 706 1821 istorum
725 1758 795 1841 (qui
814 1779 910 1842 quum
931 1759 978 1822 sic
991 1759 1118 1835 vivant,
1139 1782 1262 1826 rerum

229 1860 262 1922 in
280 1880 316 1920 se
342 1859 405 1922 diei
424 1879 491 1921 uon
511 1857 685 1940 patiuntur)
704 1856 738 1918 vi
764 1879 799 1919 ac
819 1859 986 1933 violentia,
1022 1881 1122 1942 quum
1142 1874 1260 1943 aperte

227 1959 349 2023 rideam
368 1956 569 2038 huiuamodi,
596 1957 742 2041 inquam,
773 1978 832 2018 rree
852 1958 940 2022 aliter
959 1959 1120 2022 declinare
1148 1963 1259 2041 liceat,

227 2061 335 2122 cedam
355 2061 508 2122 malorum
529 2058 693 2141 potentiae,
717 2058 810 2132 aulis,
832 2059 940 2121 cedam
959 2059 1120 2136 conciliis,
1140 2064 1259 2127 cedam

225 2159 365 2238 publico.
404 2160 467 2221 Sed
487 2159 528 2219 ita
549 2159 673 2233 cedam,
695 2169 730 2218 ut
749 2158 873 2219 interim
893 2169 1011 2236 tamen,
1031 2180 1138 2244 neque
1157 2184 1176 2224 a
1196 2185 1258 2226 ve·

225 2256 323 2321 sitatis
344 2257 539 2334 adsertione,
560 2260 599 2320 ad
619 2277 711 2341 quam
730 2257 898 2321 referenda
914 2258 1017 2322 omnin
1026 2270 1116 2334 mant,
1136 2280 1263 2344 neqrre

226 2380 244 2422 a
269 2357 481 2424 vindicatione
515 2358 665 2423 libertatis
690 2358 795 2437 patria
824 2381 885 2438 pro
913 2382 972 2445 qua
995 2368 1122 2420 mortem
1147 2361 1249 2422 etiarn

154 2520 161 2541 ,
224 2458 396 2522 formidare
420 2478 487 2521 non
516 2457 636 2534 debeo,
672 2458 868 2521 discessurus
898 2478 1032 2542 rruquam
1055 2456 1121 2520 sim.
1167 2460 1248 2540 Qua

140 2617 143 2621 .
224 2559 257 2622 in
276 2579 312 2622 re
337 2579 434 2643 quum
454 2558 601 2638 occupari
623 2558 698 2621 totis
716 2558 838 2621 viribus
861 2561 958 2621 multo
977 2567 1046 2620 ante
1062 2578 1252 2639 proposue-

224 2661 296 2733 rim3
318 2679 423 2742 neque
442 2671 558 2733 tamen,
580 2680 675 2740 quarm
695 2659 748 2738 pie
768 2661 930 2734 hortarer,
955 2669 992 2720 ut
1013 2656 1152 2739 placide,
1176 2680 1252 2744 epse

225 2756 365 2834 obstant,
389 2768 605 2833 verteremur,
635 2758 842 2839 proiecerimz
869 2778 910 2818 eo
931 2756 1125 2821 necessitatis
1144 2780 1251 2843 cogor

223 2857 366 2935 tandem,
385 2869 421 2920 ut
441 2878 507 2920 non
525 2856 586 2940 jam
606 2860 767 2941 quaerendi
786 2861 865 2935 sint,
885 2857 942 2942 qui
961 2859 1144 2923 adserenda
1164 2861 1252 2923 reri·

224 2958 312 3037 tatia,
345 2969 380 3020 et
407 2957 512 3039 patriae
543 2959 693 3023 libertatis
724 2958 919 3022 vindicandae
950 2971 1096 3027 auctores
1126 2979 1252 3025 mecum

224 3062 317 3136 liant,
337 3057 395 3122 sed
415 3058 471 3142 qui
490 3059 582 3122 vitam
604 3081 640 3122 ac
660 3061 787 3122 salutem
808 3080 905 3122 meam
922 3071 1134 3136 conservent,
1154 3059 1249 3122 iuro·
1289 3070 1291 3075 '

223 3160 327 3223 candi.
375 3161 482 3242 Quare
518 3159 571 3223 ille
604 3181 688 3243 ego,
730 3161 787 3243 qui
819 3158 1108 3243 circumspiciebam
1141 3163 1250 3242 paullo

223 3270 315 3335 ante,
355 3271 390 3323 ut
425 3271 530 3323 essent
570 3261 626 3342 qui
655 3261 808 3324 laboranti
841 3260 925 3323 inter
955 3271 1006 3323 tot
1037 3281 1249 3343 oppressores

225 3357 408 3423 Christianae
447 3356 573 3422 veritati
609 3380 700 3440 opem
734 3358 871 3435 ferrent3
902 3361 1002 3445 'eique
1039 3362 1250 3444 detergerent

223 3455 385 3522 inductum
406 3455 465 3537 jam
485 3457 558 3520 olim
572 3478 684 3542 magno
697 3482 767 3524 eum
785 3462 944 3525 dedecore
959 3460 1126 3543 religionis
1137 3474 1251 3529 postu

221 3558 349 3633 lucum,
379 3578 414 3620 ac
441 3558 527 3621 istud
553 3558 891 3645 excuterent'ji'rgum,
921 3563 1010 3646 qrrod
1038 3581 1100 3644 pro
1119 3564 1251 3629 suavia

224 3655 353 3721 Christo
371 3657 537 3740 imposito,
573 3661 612 3722 ab
640 3661 820 3724 antichristis
845 3665 984 3742 tyrannis
1008 3663 1174 3730 inductum
1198 3675 1250 3730 est

222 3757 467 3825 acerbissimum:
502 3773 533 3822 et
556 3759 638 3823 lesda
665 3782 683 3823 e
709 3762 811 3824 medio
838 3763 958 3825 sublata
983 3766 1154 3843 servitute,
1183 3786 1248 3851 qam

222 3870 271 3923 tot
288 3857 353 3942 jam
369 3862 487 3924 secutis
508 3862 709 3942 opprimimur
728 3864 905 3925 aliomanis
925 3861 1145 3943 pontificibus,
1166 3869 1248 3950 pria·

221 3981 287 4023 cam
307 3972 487 4042 repararent
514 3962 701 4038 libertatem
731 3983 822 4045 quam
844 3964 987 4027 benefice
1012 3965 1077 4027 suis
1097 3964 1249 4033 chuntur

219 4063 326 4138 dedit,
352 4062 399 4123 isti
418 4062 504 4123 nimis
525 4063 686 4125 inciviliter
704 4064 903 4141 ademerunt,
931 4056 1101 4128 crudeliter
1127 4067 1248 4133 lacera·

218 4173 308 4240 nint,
343 4182 432 4244 paene
458 4162 546 4224 etiam
572 4160 714 4228 funditus
739 4165 940 4227 deleverunt.
983 4164 1055 4240 llle,
1092 4166 1246 4250 inquam,

217 4281 301 4346 ego,
335 4265 387 4326 eui
411 4263 477 4325 haee
504 4273 536 4325 et
553 4262 733 4345 hujusmodi
760 4264 865 4347 paullo
884 4276 956 4329 ante
976 4266 1064 4330 cordi
1090 4263 1246 4345 fuerunt,

218 4362 299 4426 idem
316 4382 421 4440 nunc,
451 4374 487 4427 ut
505 4365 623 4441 rivam,
655 4375 748 4449 atque
767 4366 832 4429 bec
850 4367 964 4429 duona
982 4384 1078 4448 agere
1105 4371 1250 4447 possim,
