2632 5086
207 734 281 811 6¹2
472 682 941 837 Inrpieientce''Dialogua³

203 926 283 1013 qui,
308 928 451 1012 denique
468 927 589 1013 aliquid
605 948 734 1005 earum,
767 950 839 1011 qun
858 930 951 995 habet
975 928 1027 995 isse
1053 931 1244 1014 disciplina,

208 1027 355 1110 gnaviter
369 1030 505 1104 'callem
526 1040 565 1091 ut
583 1052 681 1111 neges
701 1031 734 1091 in
754 1029 841 1092 ltalia
860 1051 930 1093 esse
955 1032 1065 1107 Italos,
1095 1044 1128 1095 et
1146 1034 1246 1095 relic·

207 1138 275 1190 tum
292 1126 332 1188 ab
345 1126 395 1189 itta
408 1128 506 1208 stirpe
525 1130 624 1201 ulium
644 1130 676 1193 in
696 1132 756 1191 hoc
775 1126 898 1210 tempu'e
918 1150 1046 1208 semen,
1066 1132 1127 1193 nisi
1147 1134 1245 1216 quod

206 1227 341 1289 coneilio
360 1230 479 1307 pollent
497 1228 634 1306 Veneti,
663 1240 694 1292 et
713 1228 936 1293 columnensis
957 1230 1009 1292 itte
1028 1252 1135 1312 nuper
1155 1244 1243 1295 etre-

205 1348 269 1390 nue
291 1348 419 1408 operam
439 1327 567 1389 navavit
585 1330 671 1409 apud
683 1332 863 1406 teronem,
884 1331 1017 1393 dumea
1035 1353 1106 1415 qua
1123 1334 1244 1396 &Ger-

204 1428 304 1491 manis
323 1428 492 1506 didicerat,
510 1441 597 1493 recte
618 1430 775 1493 obcenae.

591 1532 762 1594 Pha'e'th
776 1553 796 1589 n
809 1553 842 1594 n.

129 1702 134 1711 ,
244 1664 247 1671 ·
281 1630 429 1705 Atilios,
449 1634 556 1712 pater!
575 1630 866 1712 minusprobabam
881 1630 1074 1706 Germanos,
1092 1631 1242 1715 rpdimihi
1290 1699 1296 1711 ,

136 1724 145 1749 ”
204 1732 374 1808 videntur,
397 1731 456 1794 nisi
477 1731 575 1809 ebrii,
595 1754 738 1815 pugnare
757 1753 822 1792 nou
843 1752 951 1812 posse.
990 1732 1118 1793 Deinde
1139 1733 1241 1795 video

204 1833 372 1916 quemdam
392 1834 515 1894 inanem
536 1832 637 1913 gentis
656 1831 824 1911 impetum,
844 1831 958 1892 acriter
976 1829 1081 1910 primo
1101 1833 1239 1894 serven·

203 1944 285 2010 tem,
306 1943 393 2014 post,
420 1930 474 1993 ubi
502 1928 795 2012 partiatim'refrixit
813 1930 927 2006 ardor,
956 1930 989 1993 in
1008 1950 1126 1994 varrum
1145 1931 1238 1995 desi·

203 2054 292 2097 nere.
328 2039 419 2114 Quos
434 2033 564 2115 quidem
577 2031 759 2093 mirabiliter
780 2030 988 2093 circumvenit
1003 2052 1108 2111 nuper
1123 2030 1240 2094 Livia·

203 2154 264 2196 nus
284 2133 351 2207 itte,
372 2136 448 2194 ilum
467 2142 684 2211 computantes
703 2150 780 2207 ene,
802 2152 838 2192 ac
858 2132 969 2194 'decem
989 2140 1021 2192 et
1040 2129 1155 2213 viginti
1167 2153 1240 2194 mu·

205 2242 266 2295 tue
287 2233 382 2295 Italos
402 2230 462 2293 sibi
482 2230 688 2311 propinantee
706 2234 810 2307 (unta
827 2252 884 2309 spe
904 2232 1105 2292 Venetorum
1116 2230 1239 2295 cedern

204 2331 314 2395 animis
334 2331 561 2412 praeceperant)
579 2329 613 2391 in
632 2320 827 2393 deditionem
846 2329 954 2412 coegit
972 2330 1143 2395 admodum
1162 2342 1232 2394 tur·

41 2422 45 2439 '
142 2502 146 2507 ,
203 2453 296 2516 pem,
316 2435 387 2516 plus
411 2442 549 2515 quatuor
567 2430 671 2493 millia.

686 2533 770 2596 sot.
1048 2594 1052 2601 ,

280 2633 405 2695 Verum
426 2631 458 2694 in
478 2624 541 2694 hoc
559 2651 727 2712 perperam
747 2635 813 2711 egit
841 2633 910 2708 ille,
938 2634 1028 2715 qtiod
1048 2643 1160 2697 contra
1177 2634 1238 2697 da·

205 2742 270 2796 tnn
288 2733 383 2794 fidem
404 2732 540 2794 inermes
561 2731 718 2814 jugulavit
735 2735 894 2812 pecudum
914 2734 947 2795 in
966 2754 1106 2808 morem,
1131 2754 1237 2815 pone·

120 2872 123 2877 -
203 2818 386 2896 bent'enim
405 2851 490 2894 arma
508 2834 570 2895 hac
589 2833 690 2912 pacti,
704 2834 827 2894 -salvos
856 2854 890 2895 re
916 2844 952 2894 ut
977 2833 1166 2909 dimitteret,
1198 2853 1237 2896 ac

204 2934 374 2996 adversum
397 2931 583 3015 ingruentes
602 2932 852 3017 circumquaque
885 2934 1037 3014 agricolas
1066 2947 1234 3009 tueretur,
1279 3008 1287 3023 ο

203 3032 239 3099 in
256 3035 336 3096 tinec
361 3052 439 3095 sues
464 3033 541 3095 dum
560 3033 701 3108 abirent,
738 3045 768 3094 at
787 3035 838 3096 ille
856 3038 918 3098 hoc
938 3045 1032 3117 pacto
1051 3043 1236 3097 exarmatos

205 3133 311 3211 cecidi
328 3154 441 3216 passus
461 3144 509 3197 eet
527 3134 568 3197 ad
587 3155 685 3197 unum
705 3154 826 3199 omnen

607 3236 835 3298 Phaethon.

284 3337 382 3419 Quod
400 3337 453 3400 itte
472 3335 609 3412 viderit,
640 3336 726 3417 ipsos
747 3347 851 3398 autem
879 3337 913 3397 in
932 3356 968 3398 re
987 3332 1167 3416 periculosa
1186 3335 1235 3398 lu·

203 3436 283 3501 dere
301 3438 382 3520 quid
401 3436 569 3516 oportuit?
598 3447 631 3497 et
649 3437 731 3498 iutra
750 3435 889 3497 hostium
907 3437 986 3497 fines
1007 3435 1164 3518 priusque
1195 3435 1237 3498 ad

204 3536 381 3600 exereitum
408 3534 642 3619 pervenissent,
674 3537 887 3618 competendo
909 3535 1065 3598 oblectare
1084 3556 1139 3612 se,
1170 3555 1235 3598 nec

203 3636 334 3700 insidiae
353 3636 617 3716 circumspicere?
637 3637 795 3699 Praeterea
813 3635 951 3696 maximo
969 3638 1073 3698 omnia
1084 3656 1158 3699 cum
1172 3635 1234 3700 im·

204 3749 282 3823 peta
302 3736 532 3822 aggrediuntur
550 3754 624 3799 raro
643 3738 843 3820 perficientes
865 3735 992 3819 aliquid.

652 3838 727 3901 'So
740 3840 762 3901 Ι.

281 3942 340 4004 Eat
358 3940 422 4003 hoe
443 3936 514 4021 ejus
533 3937 637 4019 gentis
656 3940 859 4015 nonnullum,
890 3942 925 4000 ut
943 3937 987 3999 ais
1006 3938 1137 4015 vitium,
1165 3936 1234 4002 dis·

204 4039 351 4121 cipiinam
372 4051 475 4102 tamen
495 4040 659 4103 militarem
681 4050 807 4112 tenent,
842 4049 878 4099 ut
899 4040 993 4099 mdia.
1006 4036 1103 4100 hodie
1123 4039 1231 4113 natio,

205 4160 243 4202 ac
261 4140 353 4203 armis
372 4139 483 4202 invicti
501 4152 591 4214 sunt,
611 4139 694 4201 haud
711 4139 844 4218 perinde
863 4139 902 4200 ad
921 4139 1138 4217 imperandum
1157 4138 1232 4201 ido·

205 4237 275 4313 nei,
294 4240 405 4324 utqui
424 4240 498 4304 satis
517 4240 635 4303 habent
655 4239 795 4312 irruere,
817 4258 930 4319 agere,
950 4239 1130 4312 devastare,
1152 4258 1234 4319 pro·

206 4348 365 4418 atemere,
384 4341 542 4424 diripere,
563 4342 766 4413 conculcare,
786 4358 945 4414 exurere,
964 4349 1036 4417 poet
1052 4336 1233 4421 largissime
