2632 5086
146 784 218 856 368
472 783 635 861 Fortuna
658 782 843 884 Dialogus.

579 976 742 1039 Hutlen·

223 1081 296 1142 Hoe
314 1079 409 1140 velim
430 1077 582 1151 edoceas,
602 1077 659 1139 sed
679 1074 754 1138 milri
772 1076 860 1157 prius
875 1098 985 1155 narra,
1006 1080 1177 1143 offendunt

147 1183 264 1248 lovem
282 1177 474 1261 prolixiores
499 1197 635 1258 unquam
660 1176 799 1255 pret-es?

562 1275 750 1343 Fortuna.

220 1383 294 1442 Non
317 1377 420 1441 miuus
447 1381 576 1459 (prame
599 1374 742 1451 diligenti
767 1379 985 1455 patrefamilias
1007 1381 1034 1442 si
1056 1382 1176 1461 rogent

146 1482 308 1562 surperflue
328 1477 511 1550 domestici,
538 1487 592 1537 aut
614 1477 697 1539 idem
720 1498 802 1559 saepe
822 1479 849 1545 si
879 1491 1017 1563 querant
1037 1486 1054 1541 a
1074 1482 1174 1542 docto

145 1581 297 1663 magistro
318 1576 496 1658 obstrepori
515 1575 686 1639 auditores.

575 1678 735 1741 Hutten.

228 1780 271 1843 Ut
292 1778 442 1843 molestiae
461 1798 593 1862 capaces
614 1780 738 1839 credam
760 1798 831 1842 esse
850 1778 940 1844 Jovis
963 1779 1077 1843 aures?

569 1879 759 1947 Fortuna.

219 1977 335 2046 Facile.

572 2079 737 2140 Hutten.

219 2178 260 2238 Et
275 2177 334 2238 illis
353 2177 496 2258 quotidie
516 2176 607 2240 irasci
624 2180 857 2253 sacerdotibus,
879 2180 954 2241 dum
974 2181 1084 2259 legunt
1096 2200 1171 2243 eos·

144 2278 215 2340 dem
243 2298 325 2356 saepe
353 2277 490 2338 interdiu
520 2280 674 2359 psalmos,
703 2291 735 2341 et
763 2279 846 2341 idem
871 2279 1007 2362 vigesies
1035 2281 1171 2363 amplius

144 2389 294 2461 repetunt
317 2398 459 2441 murmur
467 2378 483 2440 ‘2’

562 2478 689 2540 Fortu
698 2499 754 2538 tra.

216 2580 258 2638 Et
289 2580 351 2639 hoo
383 2577 583 2656 propositum
609 2578 742 2660 habent,
772 2599 837 2640 non
861 2580 941 2665 quid
967 2591 1080 2657 orent,
1113 2583 1173 2645 sed

143 2685 296 2759 quantum
316 2679 432 2756 legant,

575 2778 744 2841 Hutten.

216 2874 388 2956 Quomodo
409 2874 507 2959 igitur
522 2876 709 2941 brevissime
730 2878 885 2940 orandum
905 2879 1022 2942 alove
1038 2879 1115 2942 est?

550 2978 745 3041 Fortuna.

215 3076 388 3156 Quomodo
421 3077 508 3138 alitor
536 3076 638 3153 onim,
666 3100 760 3161 qrram
787 3088 822 3137 ut
846 3077 886 3139 sit
911 3099 999 3139 mens
1031 3099 1108 3140 sann
1136 3079 1171 3142 in

139 3194 277 3254 eorpore
296 3175 400 3239 sario?
418 3196 490 3238 uam
509 3175 537 3238 si
557 3179 621 3247 hee
637 3179 762 3241 dederit
781 3178 922 3259 Jupiter,
951 3178 1072 3260 reliqua
1091 3199 1173 3242 con-

140 3287 315 3357 sequentur
340 3275 443 3343 tacite,

564 3373 741 3445 Hutten.

214 3477 380 3552 intelligo,
409 3495 524 3556 nempe
545 3476 571 3536 si
593 3497 710 3558 eorpus
741 3497 798 3557 per
817 3479 1028 3540 valetudinem
1050 3479 1172 3541 labori·

138 3576 199 3639 bus
220 3577 366 3651 sufficiat,
399 3588 430 3637 et
455 3596 543 3636 mens
563 3576 620 3649 sit,
655 3599 724 3659 quae
754 3578 908 3639 ‹leleetum
933 3578 1048 3641 habere
1076 3578 1169 3655 seiat,

137 3686 175 3739 ut
193 3675 269 3738 nihil
286 3687 406 3737 temere
427 3677 574 3751 suadeat,
602 3697 708 3759 neque
730 3678 868 3739 honores
888 3677 921 3737 in
938 3697 1015 3757 paee
1036 3677 1171 3754 delient,

136 3796 245 3859 nequa
273 3774 306 3838 in
332 3774 414 3837 bello
444 3779 536 3841 salus.
581 3776 740 3839 Praeterea
769 3775 915 3838 amabunt
945 3773 1172 3853 hujuscemodi

137 3875 272 3943 hominis
295 3874 391 3942 vitum
411 3897 537 3953 omnes,
563 3889 597 3938 et
613 3877 695 3942 bens
717 3880 843 3954 volent,
872 3886 905 3945 et
925 3897 966 3944 ex
981 3875 1112 3955 labore,
1132 3899 1172 3943 ae

137 3974 301 4057 diligentia
318 3988 463 4041 crescent
487 3999 577 4060 opes.

553 4080 748 4146 Fortuna,

207 4175 329 4253 deute,
357 4181 468 4243 utrix
494 4180 615 4264 aliquid
633 4181 737 4260 prius,
770 4175 868 4257 igitur
893 4174 1075 4258 diligentem
1096 4196 1172 4242 esse

135 4273 174 4337 le»
189 4290 334 4359 oportet,
355 4290 386 4343 et
401 4288 565 4356 mertem,
594 4301 630 4343 ae
645 4278 808 4351 sedulum,
836 4275 1009 4359 conarirpre
1027 4298 1171 4357 operose

136 4392 192 4452 ea,
221 4400 290 4465 quae
317 4381 449 4465 adsequi
478 4381 573 4457 velis,
609 4390 641 4443 et
666 4376 807 4461 experiri
832 4398 902 4459 quae
929 4377 1009 4441 seire
1032 4389 1170 4458 exoptas
